2882 3662
1323 77 1659 128 -16-

344 218 631 280 intelligebat
659 218 743 280 ⁴⁹).
817 218 912 268 Sed
948 234 1007 268 ne
1045 234 1205 269 eorum
1243 219 1425 284 quidem
1462 219 1799 282 interpretatio,
1850 218 1925 282 qui
1961 217 2022 285 μὴ
2058 215 2237 281 βλέπειν
2279 220 2448 281 „vitam
2486 217 2634 266 relin-

348 301 523 364 quere“
566 301 646 347 vel
687 302 811 362 „vita
849 302 1041 349 carere“
1070 304 1424 364 interpretantur
1454 298 1521 359 ⁶⁰)
1560 305 1607 347 et
1643 298 1867 362 duplicem
1905 298 2115 363 Erinnyn
2133 299 2407 361 Aegisthum
2440 305 2487 347 et
2512 298 2634 363 cly-

342 370 668 430 'taemnestram
693 384 915 429 nominari
940 382 1212 430 arbitrantur
1241 381 1331 443 δ’),
1370 397 1484 428 vera
1522 381 1706 427 videtur
1742 396 1862 428 esse.
1936 381 1986 428 Si
2022 383 2140 428 enim
2165 396 2266 429 cum
2293 381 2345 428 G.
2372 381 2633 429 Hermanno

347 465 569 511 vertimus
591 480 601 511 :
640 478 814 523 „raeque
836 471 1020 511 mortem
1049 479 1212 510 curans
1247 472 1293 510 et
1317 471 1480 522 parata
1502 465 1638 509 vitam
1661 463 1933 521 relinquere,
1967 464 2008 507 εἰ
2031 463 2253 520 duplicem
2273 463 2633 521 fieriam'(Ae9·i-

344 545 491 590 atham
525 550 568 590 et
585 544 1009 601 Clytaemnestram)
1047 545 1203 591 tollere
1235 547 1428 603 possit“,
1466 546 1509 590 in
1545 542 1721 590 duobus
1747 543 1960 591 membris
1985 558 2069 607 per
2098 542 2203 608 0³2ss
2223 571 2284 577 —
2307 561 2358 591 τε
2383 546 2632 605 conjunctis

347 640 473 671 mera
512 625 762 684 tautologia
799 626 981 672 videtur
1017 628 1182 673 inesse.
1247 625 1379 682 Quod
1418 640 1507 671 non
1545 625 1660 685 fugit
1698 615 2122 684 Schneidewinain„
2178 627 2253 687 qui
2288 625 2504 673 ubertatis
2539 638 2633 672 no-

347 707 465 751 mine
502 706 798 764 tautologiam
837 706 1122 753 dissimulare
1160 714 1347 752 conatus
1389 713 1459 752 est
1488 704 1570 764 ⁵²).
1637 706 1784 764 Quam
1821 705 2137 769 expediendae
2177 705 2449 753 difficultatis
2484 707 2632 753 ratio-

346 801 449 832 nem
476 787 560 833 etsi
586 785 782 848 probare
809 802 899 833 non
925 802 1128 849 possum„
1166 795 1317 834 tamen
1345 794 1391 833 et
1426 789 1523 850 ipse
1549 802 1640 833 non
1666 787 1978 847 tautologiam„
2019 787 2099 834 sed
2130 787 2406 847 tautologiae
2432 788 2631 849 speciem

345 867 654 914 tantummodo
692 882 909 928 agnosco.
972 869 1102 927 Quae
1140 868 1321 932 quidem
1370 870 1548 932 species
1585 868 1690 916 inde
1727 870 1942 928 nascitur,
1982 867 2101 931 quod
2137 869 2416 931 participium
2452 866 2631 930 διδύμαν

342 948 492 995 ἑλοΰσ’
528 948 703 1012 Ἐρινύν
747 949 803 994 ad
841 949 975 996 ambo
1014 950 1218 996 membra
1256 948 1549 997 referendum
1586 954 1861 997 censuerunt
1896 949 2183 1012 interpretes.
2255 947 2443 996 Revera
2480 954 2629 996 autem

345 1029 400 1074 ad
437 1030 631 1076 alterum
669 1030 817 1076 solum
856 1030 1108 1078 membrum
1145 1033 1371 1094 pertinet,
1409 1032 1467 1078 ita
1505 1037 1551 1078 ut
1588 1029 1792 1091 gradatio
1830 1031 1875 1077 in
1909 1028 2101 1077 duorum
2137 1029 2442 1077 membrorum
2481 1044 2630 1092 copu-

345 1110 513 1156 latione
552 1116 791 1170 cernatur„
844 1126 929 1174 qua
968 1111 1153 1159 Electra
1205 1128 1339 1175 quum
1387 1114 1570 1160 omnino
1621 1119 1814 1159 mortem
1857 1126 1947 1158 non
1995 1126 2157 1158 curare
2194 1117 2286 1157 tum
2325 1126 2440 1157 vero
2478 1112 2629 1169 etiam,

346 1190 588 1237 dummodo
625 1192 895 1252 Aegisthum
933 1199 978 1239 et
1016 1192 1429 1256 Clytaemnestram
1466 1192 1729 1251 interficiat„
1780 1193 1895 1239 mori
1939 1198 2094 1255 parata
2132 1207 2237 1239 esse
2275 1190 2460 1237 dicatur.
2522 1190 2631 1236 Ad-

344 1271 577 1320 umbratur
615 1271 789 1322 duobus
828 1273 916 1322 illis
954 1277 1193 1324 enuntiatis
1227 1275 1389 1323 eadem
1427 1274 1699 1323 fortitudinis
1729 1274 1943 1321 Electrae
1980 1273 2204 1335 gradatio„
2242 1289 2375 1337 quam
2413 1276 2456 1319 in
2494 1280 2630 1320 ante-

344 1353 523 1402 cedenti
561 1370 699 1402 scena
737 1363 1022 1417 spectatores
1070 1373 1132 1402 ex
1182 1360 1320 1419 ipsius
1352 1358 1565 1403 Electrae
1615 1364 1660 1402 et
1697 1356 2087 1419 Chrysothemidis
2124 1355 2411 1402 sermonibus
2448 1369 2631 1415 cogno-

345 1443 525 1482 verant.
599 1435 784 1482 Electra
822 1440 941 1482 enim
980 1439 1124 1483 statim
1164 1445 1267 1501 post
1312 1441 1512 1485 nuntium
1552 1438 1608 1485 de
1655 1443 1801 1484 morte
1841 1436 2018 1485 Orestis
2055 1441 2288 1500 acceptum
2325 1434 2630 1499 desperationi

343 1520 592 1563 acerrimae
632 1533 683 1563 se
722 1517 910 1563 dederat
961 1534 1047 1564 nee
1083 1520 1275 1581 amplius
1313 1522 1449 1565 vitam
1489 1520 1690 1566 tolerare
1729 1534 1779 1566 se
1817 1532 1956 1581 posse
1994 1519 2300 1581 pronuntiarat
2356 1518 2428 1577 (v.
2468 1516 2629 1576 817):

896 1597 998 1645 ἀλλ’
1025 1598 1117 1646 οὔτι
1142 1598 1227 1664 μὴν
1254 1602 1395 1665 ἔγωγε
1420 1607 1499 1648 τοῦ
1523 1601 1682 1649 λοιποῦ
1708 1597 1872 1664 χρόνου

900 1678 1052 1744 ἔσομαι
1077 1679 1300 1740 ξύνοικος,
1335 1681 1454 1729 ἀλλὰ
1486 1681 1592 1746 τῇδε
1616 1680 1725 1746 πρὸς
1747 1681 1870 1743 πύλῃ

893 1759 1064 1824 nepeta*
1094 1760 1289 1825 ἐμαυτὴν
1318 1760 1474 1825 ἄφιλος
1498 1758 1651 1807 αὐανῶ
1677 1759 1767 1821 βίον
1789 1775 1799 1785 ·

895 1838 1007 1905 πρὸς
1029 1845 1168 1888 ταῦτα
1202 1839 1451 1889 καινέτω
1482 1854 1590 1900 τις,
1628 1838 1668 1888 εἰ
1692 1838 1924 1903 βαρύνεται

894 1928 984 1967 τῶν
1011 1919 1134 1969 ἔνδον
1160 1919 1299 1970 ὄντων
1320 1937 1331 1949 ·
1361 1923 1422 1973 ὡς
1447 1922 1573 1986 χάρις
1597 1920 1701 1985 μέν,
1737 1921 1793 1986 ἢν
1818 1920 1953 1983 κτάνῃ
1968 1955 1982 1978 ,

895 2000 1048 2065 λύπη
1086 2000 1143 2059 δ’,
1169 2002 1266 2049 ἐὰν
1301 2003 1520 2055 Cio-‘rob
1556 2003 1681 2065 βίου
1716 2001 1754 2047 δ’
1791 2000 1987 2052 οὐδεὶς
2018 1999 2212 2051 πόθος.

341 2080 420 2128 Ad
459 2081 572 2129 hanc
610 2081 824 2130 Electrae
862 2081 1163 2129 conditionem
1202 2087 1386 2146 respicit
1433 2085 1601 2131 chorus
1648 2084 1804 2130 verbis
1841 2081 1944 2128 οὔτε
1986 2099 2026 2126 τι
2066 2089 2145 2127 τοῦ
2185 2081 2337 2127 θανεῖν
2379 2079 2625 2145 προμηθὴς.

343 2161 590 2225 Postquam
615 2169 765 2210 autem
791 2163 846 2209 ab
872 2163 956 2209 hac
983 2163 1302 2226 desperatione
1330 2168 1592 2228 respiravit,
1631 2179 1721 2210 non
1742 2166 1837 2224 jam
1864 2165 1977 2209 mori
2003 2163 2264 2226 simpliciter
2290 2163 2409 2225 cupit
2429 2160 2629 2220 Electra,

343 2243 424 2291 sed
462 2244 676 2303 Aegisthi
714 2244 1009 2291 interficiendi
1045 2247 1233 2291 consilio
1286 2250 1392 2292 inito
1442 2263 1500 2292 ne
1551 2249 1709 2292 mortis
1748 2244 1927 2308 quidem
1965 2244 2167 2308 periculo
2206 2258 2230 2287 a
2268 2244 2501 2306 proposito
2540 2241 2630 2287 de-

341 2331 555 2370 terretur.
613 2325 891 2371 Perseverat
928 2330 1048 2370 enim
1076 2330 1118 2371 in
1144 2327 1231 2372 hoc
1259 2329 1479 2386 consilio5
1519 2340 1771 2390 quanquam
1799 2325 2147 2389 Chrysothemis
2184 2324 2340 2387 capitis
2377 2321 2627 2386 periculum

341 2422 442 2451 eam
485 2406 705 2452 adituram
743 2423 848 2452 esse
887 2408 1149 2453 ostenderat
1187 2410 1258 2468 (v.
1302 2409 1494 2468 1001):

387 2542 447 2587 49)
470 2542 558 2577 Ibid.
585 2540 605 2592 ἦ
624 2541 677 2577 int
701 2541 843 2577 θανάτου
866 2541 907 2576 τὰ
931 2541 967 2575 δυ
951 2555 1007 2576 υ·ο
1033 2544 1096 2578 troi
1098 2557 1143 2589 μη
1169 2544 1214 2589 μὴ
1236 2545 1345 2586 βλέπει
1392 2544 1433 2578 αὐ
1527 2545 1658 2590 διδύμαν
1696 2544 1828 2591 ὲριννυν]
1876 2543 1973 2590 ἤγουν
2009 2543 2066 2576 δύο
2103 2541 2353 2590 ὲπικαταράτους
2394 2540 2447 2572 καὶ
2487 2539 2628 2589 ἀποτρο-

359 2599 423 2644 ους,
462 2597 530 2634 ἀλλ’
569 2612 601 2635 ιν
637 2601 739 2636 σκότει
773 2598 922 2650 γινὲτθαι
956 2606 1011 2636 τοῦ
1035 2598 1188 2645 θανάτου,
1224 2615 1258 2637 ιν
1292 2615 1330 2652 τῃ
1371 2600 1456 2651 αὺτῃ
1525 2601 1639 2641 παίους
1664 2600 1865 2651 ἀνθρώπους,
1890 2603 1946 2635 τὸν
1963 2599 2116 2648 Αἴγισθον
2131 2600 2183 2634 καὶ
2200 2597 2488 2647 Κλυταιμνήστραν.
2516 2601 2628 2641 Quam

340 2658 467 2709 Ερινύιι
503 2660 593 2723 (lege
633 2656 767 2706 Ἐρινυι)
803 2658 958 2707 γενομένη
995 2662 1042 2704 τῷ
1073 2656 1299 2708 Ἀγαμέμνονι,
1336 2661 1353 2696 ’ὁ
1390 2661 1454 2697 ἐστι
1524 2661 1843 2705 interpretationem
1867 2663 1900 2693 et
1922 2660 2036 2703 ipsam
2061 2670 2178 2693 omnes
2202 2658 2409 2692 recentiores
2425 2658 2628 2700 interpretes

341 2715 440 2764 διπλῆ
463 2715 585 2765 ’νύςΕρι
1526 2721 1845 2763 comprobaverunt.

389 2776 589 2820 50)Sch01.
626 2780 750 2809 recent.
786 2788 820 2819 p.
845 2777 914 2809 269
951 2778 1057 2809 Dind.
1095 2776 1138 2825 μὴ
1176 2777 1318 2823 βλέπεινΙ
1356 2778 1454 2827 ἤγουν
1572 2777 1629 2821 52)
1655 2778 1717 2810 Ad.
1742 2789 1773 2810 v.
1811 2776 1900 2809 1078
1923 2776 1960 2809 ff.
2020 2774 2124 2817 „Die
2156 2772 2335 2822 freudiqe
2372 2771 2628 2821 Beoeitmilliq·

342 2832 387 2882 μὴ
413 2831 481 2882 (ἦν.
540 2832 605 2867 Cui
641 2834 919 2878 interpretationi
954 2835 1212 2880 adstipulantur
1247 2838 1453 2870 recentiores
1525 2835 1614 2877 keit,
1639 2835 1707 2870 den
1737 2834 1858 2870 Sturz
1881 2833 1948 2869 der
1967 2832 2123 2869 Morder
2145 2832 2213 2868 mit
2245 2831 2324 2867 dem
2351 2831 2476 2869 lachen
2498 2842 2549 2866 zu
2571 2840 2627 2866 er·

341 2893 544 2934 interpretes
571 2902 700 2925 omnes.
1526 2893 1680 2940 hausen,
1705 2891 1840 2928 dreit-kt
1865 2891 1923 2927 die
1947 2889 2142 2936 Redef'nille
2178 2902 2249 2926 mas
2280 2889 2352 2925 etin
2374 2903 2403 2925 τι
2437 2895 2493 2924 τοῦ
2516 2886 2550 2923 ὃ.
2573 2900 2629 2938 πρ.

390 2950 446 2993 51)
473 2950 589 2983 Schol.
623 2949 726 2982 Laut.
759 2951 803 2983 ad
839 2962 871 2983 v.
906 2952 996 2985 1080
1028 2949 1171 2998 Διδύμαν
1201 2948 1340 2999 Ἐρινὺν]
1391 2952 1454 2986 Αἱ·
1525 2955 1561 2987 τὸ
1595 2965 1631 2987 τι
1668 2951 1712 3001 μὴ
1747 2950 1797 2995 βλ.
1825 2949 1893 2991 ἐτη,
1928 2959 2047 2996 neque
2077 2953 2229 2984 mortem
2266 2959 2404 2983 curam
2433 2950 2469 2982 et
2488 2949 2631 2994 parata

340 3005 452 3053 γίσθον
487 3008 538 3041 καὶ
564 3007 854 3056 Κλυταιμνήστραν.
915 3009 1029 3043 Schol.
1071 3020 1136 3042 rec.
1175 3020 1209 3052 p.
1242 3010 1311 3043 269
1349 3012 1453 3044 Dind.
1527 3021 1660 3045 carere
1683 3010 1775 3051 vita,
1802 3007 1910 3043 modo
1939 3037 1945 3044 .
1973 3032 1981 3040 ·
2009 3032 2017 3041 -
2053 3010 2078 3025 “
