2882 3662
1228 130 1533 176 -6-

228 269 344 316 vitio
382 273 650 326 vertemus,
701 267 824 328 quod
860 267 1138 315 scholiastae
1176 271 1447 315 auctoritate
1481 268 1659 315 lubrica
1695 269 1904 331 perducti
1941 270 2092 315 locum
2129 271 2190 314 ita
2227 271 2518 331 interpretati

230 355 364 407 sunt„
403 363 664 410 quanquam
700 347 907 408 ejusdem
944 348 1222 396 scholiastae
1261 351 1532 396 auctoritate
1570 349 1808 412 repudiata
1843 351 2256 410 interrogationem
2293 349 2351 395 ad
2389 348 2516 412 cly-

227 434 557 477 taemnestram
595 443 689 476 non
727 428 997 476 retulerunt.
1056 428 1172 476 Sunt
1208 435 1361 476 autem
1387 428 1441 477 G.
1469 428 1780 489 Hermannus,
1820 427 1873 477 G.
1897 427 2179 489 Dindorlius,
2214 429 2514 491 HartungiuS,

226 508 520 568 Luehkerus,
560 511 636 571 qui
679 510 1093 570 interrogationem
1131 517 1177 556 et
1212 512 1299 573 ipsi
1335 510 1454 557 falso
1492 512 1849 570 intellexerant3
1886 517 2072 574 praeter
2102 526 2185 558 eos
2222 526 2339 558 vero
2377 514 2515 558 etiam

225 592 473 638 Triclinius
502 589 566 650 ⁸),
605 593 681 654 qui
706 593 827 637 inter
858 586 1059 651 graecos
1085 594 1363 654 interpretes
1389 593 1515 639 solus
1553 608 1656 639 eam
1693 601 1819 640 recte
1857 596 1903 639 in
1941 595 2327 656 vituperationem
2352 593 2514 656 Chry—

224 674 492 721 sothemidis
519 679 778 735 acceperat.
818 672 1024 730 Quorum
1049 674 1382 734 interpretandi
1408 676 1526 720 ratio
1551 681 1744 736 propter
1765 675 1879 721 duas
1903 676 2185 736 potissimum
2212 688 2374 721 causas
2399 674 2513 720 ferri

224 769 319 801 non
357 759 523 817 potest.
608 752 811 799 Primum
837 754 977 812 enim„
1016 755 1118 801 sive
1151 755 1565 814 interrogationem
1601 754 1659 801 ad
1688 753 1862 802 liheros
1889 755 2281 815 Agamemnonis,
2319 757 2421 803 sive
2455 755 2513 802 ad

224 835 417 882 alteram
463 841 612 881 utram
658 832 851 880 filiarum
900 840 1113 896 spectare
1159 849 1356 892 censes,
1410 837 1627 882 transitus
1682 834 1739 881 ab
1786 836 1856 883 his
1903 836 1961 882 ad
1998 835 2413 898 Clytaemnestram
2463 843 2509 882 et

223 915 530 976 Aegisthum,
568 930 661 960 non
700 917 976 972 nominatos„
1015 920 1185 959 tantam
1224 913 1537 960 difficultatem
1574 915 1738 974 hahet„
1782 922 1830 962 ut
1867 916 2147 978 Sophoclem
2183 930 2287 961 eum
2324 917 2512 962 audito-

222 1012 325 1044 rum
363 996 638 1043 divinationi
676 994 921 1057 reliquisse
959 994 1244 1057 persuadere
1282 994 1390 1040 mihi
1427 1009 1519 1041 non
1547 998 1732 1058 possim.
1786 995 1927 1043 Nihili
1959 998 2081 1043 enim
2118 1001 2204 1056 est„
2242 995 2362 1059 quod
2400 996 2511 1043 Tri-

222 1078 388 1124 clinius
425 1077 615 1124 chorum
654 1091 767 1140 prae
790 1077 954 1122 timore
979 1077 1165 1123 nomina
1192 1077 1393 1123 reticere
1417 1082 1557 1139 putat.
1631 1077 1903 1126 Toleramus
1925 1078 2178 1141 simplicem
2203 1079 2508 1137 reticentiam,
2545 1092 2547 1095 ·

222 1160 405 1223 qualem
442 1161 489 1206 in
525 1159 914 1219 interrogatione„
952 1171 1040 1220 qua
1078 1163 1198 1205 tecte
1237 1156 1405 1205 chorus
1429 1156 1861 1221 Chrysothemidem
1890 1159 2053 1222 carpit,
2091 1159 2378 1218 invenimus;
2414 1173 2508 1207 non

220 1241 474 1288 toleramus
522 1241 568 1285 in
612 1238 779 1286 eodem
816 1237 1070 1286 verborum
1119 1236 1289 1285 ambitu
1340 1236 1567 1301 duplicem
1611 1239 1925 1300 reticentiam„
1976 1254 2170 1303 eamque
2215 1238 2507 1289 diversorum

217 1336 411 1385 prorsus
448 1321 697 1369 nominum.
770 1318 997 1379 Accedit,
1036 1318 1156 1382 quod
1177 1355 1192 1378 .,
1231 1321 1332 1368 sive
1369 1318 1549 1367 laudari
1584 1318 1819 1368 Electram
1855 1322 1958 1369 sive
1994 1322 2253 1384 vituperari
2292 1321 2510 1384 Chryso-

217 1402 464 1450 themidem
503 1403 682 1461 statuis„
723 1400 875 1448 aliena
914 1406 984 1448 est
1022 1415 1047 1447 a
1086 1401 1223 1447 totius
1272 1401 1486 1448 carminis
1535 1415 1661 1447 nexu
1710 1404 2041 1450 sententiarum
2077 1417 2261 1465 poenae
2298 1401 2509 1463 Aegisthi

215 1489 263 1530 et
298 1483 702 1546 Clytaemnestrae
740 1488 833 1528 tam
870 1480 1108 1529 confidens
1146 1482 1535 1528 commemoratio.
1600 1480 1713 1529 Cum
1748 1482 2042 1531 antecedenti
2079 1482 2261 1546 quidem
2296 1484 2508 1530 interro-

213 1566 403 1624 gatione
437 1565 700 1611 consociari
725 1569 885 1625 posset
911 1562 1247 1623 quodammodo
1273 1562 1389 1608 haec
1415 1565 1820 1624 commemoratio,
1847 1566 1886 1611 si
1911 1568 2178 1611 necessaria
2205 1571 2330 1611 esset
2353 1565 2508 1610 inter-

212 1649 411 1708 pretatio
453 1646 560 1703 illa3
599 1647 828 1691 sententia
866 1646 1078 1688 nimirum
1116 1650 1241 1689 esset
1276 1650 1382 1688 aut:
1436 1659 1550 1705 „cur
1584 1659 1696 1705 non„
1734 1652 1782 1692 ut
1811 1646 2019 1706 Electra,
2058 1647 2340 1698 ciconiarum
2375 1659 2506 1693 more

212 1734 432 1786 parentes
481 1727 673 1773 colimus
693 1727 718 1772 ’ἰ
784 1733 856 1781 at,
910 1728 951 1769 si
986 1726 1068 1770 hoc
1101 1726 1349 1784 faciemus,
1404 1738 1497 1771 non
1544 1726 1620 1772 diu
1668 1729 1769 1774 sine
1813 1727 1936 1775 malo
1985 1732 2121 1775 erunt
2157 1726 2411 1787 Aegisthus
2458 1731 2504 1774 et

214 1803 619 1866 Clytaemnestra“
652 1802 727 1861 ⁹);
766 1808 873 1847 aut:
927 1815 1043 1862 „cur
1078 1815 1173 1845 non
1212 1797 1493 1845 ciconiarum
1531 1815 1662 1847 more
1697 1801 2047 1865 Chrysothemis
2084 1808 2214 1849 curat
2249 1804 2503 1865 parentes?

213 1892 286 1943 at„
338 1887 378 1929 si
414 1885 498 1930 hoc
531 1885 699 1943 faciet,
747 1898 839 1929 non
890 1882 965 1929 diu
1002 1883 1103 1929 sine
1151 1881 1274 1928 malo
1320 1888 1455 1927 erunt
1490 1882 1745 1942 Aegisthus
1794 1889 1841 1929 et
1877 1883 2292 1946 Clytaemnestra.“
2390 1885 2502 1932 Cum

212 1965 515 2028 sequentihus
563 1971 714 2011 autem
763 1964 1139 2010 commemoratio
1188 1962 1267 2008 illa
1314 1976 1496 2024 poenae
1546 1964 1830 2011 certissimae
1878 1963 2005 2010 nullo
2051 1971 2186 2027 pacto
2243 1967 2501 2013 consociari

213 2048 396 2110 poterit.
450 2045 501 2093 Si
527 2048 650 2092 enim
676 2046 1064 2108 reputaverimus„
1091 2046 1137 2090 in
1164 2043 1447 2106 antistropha
1474 2044 1655 2091 demum
1680 2047 1940 2107 posteriore
1966 2048 2246 2092 mentionem
2270 2048 2499 2093 victoriae

213 2127 434 2174 Electrae
471 2126 589 2186 fieri„
629 2142 823 2189 eamque
861 2128 1103 2172 victoriam
1137 2126 1287 2188 optari
1317 2125 1647 2185 tantummodo,
1685 2126 2036 2189 haudquaquam
2072 2133 2286 2190 tanquam
2324 2134 2497 2174 certam

212 2209 418 2274 praedici
457 2207 610 2274 (ζῴης
642 2225 710 2256 τοι
744 2208 1030 2274 καθύπερθεν
1066 2206 1179 2273 χειρὶ
1213 2205 1283 2253 καὶ
1308 2206 1488 2271 πλούτῳ
1525 2215 1638 2255 τεῶν
1677 2206 1855 2274 ἐχθρῶν
1882 2204 1983 2255 ὅσον
2010 2215 2084 2255 νῦν
2110 2206 2296 2274 ὑπόχειρ
2321 2207 2501 2269 ναίεις),

213 2291 352 2337 facile
389 2292 723 2352 intelligemus,
761 2293 807 2337 in
845 2292 974 2337 initio
1011 2290 1226 2336 carminis
1263 2303 1356 2335 non
1394 2294 1485 2335 tam
1521 2289 1808 2336 confidenter
1834 2289 2023 2336 chorum
2062 2304 2259 2353 poenam
2285 2290 2501 2350 Aegisthi

214 2378 260 2418 et
298 2371 705 2435 Clytaemnestrae
751 2371 1026 2434 praedicere
1071 2370 1287 2432 potuisse.
1361 2368 1523 2417 Restat
1570 2371 1736 2431 igitur„
1797 2375 1844 2417 ut
1881 2384 1982 2416 cum
2032 2370 2278 2419 scholiasta
2327 2385 2502 2418 recen—

212 2455 330 2500 tiore
374 2452 469 2513 ¹⁰)„
525 2467 661 2516 quem
710 2451 1009 2510 Wunderus,
1066 2449 1479 2510 Schneidewinus,
1536 2450 1773 2499 Nauckius
1833 2457 2113 2513 sequuntur,
2168 2451 2315 2499 verba
2369 2450 2499 2516 δαρὸν

213 2534 292 2581 οὐκ
339 2534 550 2597 ἀπόνητοι
598 2533 655 2579 ad
713 2532 909 2579 eandem
959 2530 1390 2593 Chrysothemidem
1439 2531 1727 2590 referamus,
1789 2532 1846 2578 ad
1901 2546 2035 2593 quam
2089 2534 2499 2592 interrogationem

213 2620 427 2679 spectare
476 2614 690 2663 vidimus.
763 2611 960 2661 Pluralis
997 2617 1126 2659 certe
1162 2626 1380 2659 numerus
1417 2611 1588 2660 nullam
1627 2611 1939 2660 difficultatem
1985 2611 2148 2671 hahet„
2197 2614 2363 2676 quippe
2409 2628 2499 2677 quo

212 2703 348 2759 poeta
397 2702 577 2754 utatur.
643 2703 690 2742 ut
744 2695 913 2742 chorus
962 2693 1392 2755 Chrysothemidem
1448 2699 1568 2740 tecte
1624 2694 1935 2741 tantummodo
2001 2693 2264 2755 significare
2318 2702 2498 2758 pergat.

258 2868 293 2913 8)
319 2868 364 2902 ad
387 2881 419 2901 v.
449 2869 541 2902 1065
572 2880 606 2912 p.
623 2867 692 2901 37⁶
720 2868 827 2902 Dind.
853 2865 911 2901 οὐκ
934 2864 1101 2913 ἀπόνητοι]
1128 2863 1227 2914 ἤγουν
1252 2864 1323 2900 ‹itt-
1393 2868 1748 2911 truatur-Humagum
1765 2871 1799 2906 et
1810 2866 2022 2906 Luebkerus,
2040 2876 2185 2909 quornm
2200 2868 2354 2900 verbain
2370 2867 2449 2899 adn.
2468 2867 2500 2899 3.

212 2925 355 2975 μώρητοι
379 2923 502 2960 ἔσονται
526 2924 791 2974 Κλυταιμνήστρα
814 2923 866 2960 καὶ
892 2921 1048 2972 Αἴγισθος
1068 2948 1076 2956 .
1100 2922 1259 2968 ἐσιώπησε
1288 2921 1324 2957 δέ
1392 2924 1593 2967 perscripsi.

208 2989 323 3027 τοῦτο,
349 2982 529 3031 φοβουμὲνη
554 2982 607 3017 διὰ
628 2982 665 3017 τὸ
690 2981 848 3022 denda-ae
871 2979 962 3017 εἶναι.
1441 2981 1497 3026 10)
1523 2981 1638 3017 Schol.
1663 2992 1730 3016 reo.
1756 2981 1800 3015 ad
1823 2993 1855 3014 v.
1882 2981 1973 3016 1065
2008 2992 2044 3025 p.
2067 2981 2146 3015 269.
2179 2982 2285 3015 Dina.
2317 2980 2494 3029 ἀποὶνητοι]

257 3042 294 3087 9)
330 3042 408 3075 Hae
440 3042 576 3075 ratione
608 3042 797 3076 sententias
830 3041 921 3074 inter
955 3051 994 3074 se
1026 3039 1211 3073 cohaerere
1234 3041 1322 3074 arbi-
1394 3037 1605 3089 ἀτιμώρητα,
1630 3037 1771 3086 ἐσόμεθα
1794 3037 1949 3087 δηλονότι.
