2882 3662
1279 71 1614 117 ..12-

296 211 447 250 autem
486 204 543 250 de
592 207 797 266 ratione,
846 223 963 270 quae
1000 208 1145 271 priori
1182 207 1389 255 membro
1435 226 1539 256 cum
1587 213 1846 274 posteriore
1891 211 2162 272 intercedit,
2217 214 2437 261 universa
2483 231 2586 262 cum

294 287 563 333 Hermanno
602 295 648 333 et
675 289 1037 334 Schneidewino
1064 293 1323 349 consentio„
1365 292 1522 338 facere
1548 300 1700 338 tamen
1732 308 1824 339 non
1852 308 2056 356 possum„
2094 297 2202 356 quin
2223 297 2270 339 in
2295 298 2395 358 ipsa
2418 300 2587 359 prioris

294 368 489 415 membri
526 372 909 432 interpretatione
948 371 1228 432 aliquantum
1267 373 1324 418 ab
1363 376 1431 420 eis
1467 374 1697 420 recedam.
1754 374 1943 421 Scilicet
1978 377 2122 421 secuti
2159 381 2262 422 sunt
2291 370 2585 438 Triennium,

298 452 372 513 qui
412 452 456 496 in
494 452 651 513 priore
690 450 899 498 membro
924 453 1265 499 accusationem
1293 453 1509 516 Aegisthi
1546 460 1591 501 et
1617 454 2016 519 Clytaemnestrae
2040 456 2198 503 inesse
2234 455 2480 506 arbitratus
2516 464 2587 507 est

294 533 367 591 (v.
407 526 510 575 adn.
551 531 660 591 22).
733 531 792 575 Et
831 532 884 576 G.
918 531 1214 577 Hermannus
1252 533 1434 596 quidem
1472 535 1545 595 (v.
1585 535 1688 581 adn.
1719 536 1811 597 34)
1849 535 2000 581 odium
2038 535 2355 597 domesticum„
2394 551 2456 583 cx
2493 551 2584 602 quo

291 613 582 672 Agamemno
622 612 949 671 laboraverat„
999 612 1389 661 Schneidewinus
1423 614 1491 674 ³⁷)
1542 621 1694 661 autem
1732 617 2100 662 interfectionem
2136 618 2283 680 ipsam
2319 618 2584 679 Agamem-

292 695 427 738 nonis
465 691 718 752 significari
771 695 1067 740 existimavit.
1142 693 1270 750 Quos
1320 700 1567 758 propterea
1610 709 1774 742 veram
1822 702 1990 759 poetae
2036 699 2307 745 sententiam
2345 704 2583 747 assecutos

292 787 383 820 non
423 787 527 820 esse
567 772 733 832 cred0„
773 773 893 836 quod
921 773 1180 837 Sophocles
1218 776 1319 822 sine
1358 774 1523 834 dubio,
1563 777 1601 823 si
1639 776 1791 823 odium
1829 776 1910 824 vel
1946 777 2125 827 facinus
2162 776 2581 842 Clytaemnestrae„

289 855 452 901 uxoris
488 854 886 914 Agamemnonis„
926 860 1089 902 notare
1127 854 1216 903 hoc
1252 856 1358 903 loco
1396 856 1650 916 voluisset„
1687 855 1752 904 τὰ
1798 854 1898 921 μὲν
1942 857 1999 905 ἐκ
2033 859 2251 923 γάμων,
2284 873 2376 907 non
2413 858 2468 906 τὰ
2502 857 2582 924 μὲν

290 936 339 983 ἐκ
369 934 541 999 δόμων,
580 937 834 997 scripturus
884 935 979 982 fuit.
1052 936 1127 983 Ac
1163 937 1376 1000 profecto
1414 940 1502 985 erit
1535 938 1763 999 fortasse„
1815 941 1890 1002 qui
1926 947 2116 1004 propter
2154 943 2408 1005 oppositam
2445 941 2584 988 locu-

287 1022 459 1066 tionem
495 1015 549 1063 τὰ
583 1014 697 1080 πρὸς
738 1015 903 1064 τέκνων
951 1020 1217 1079 conjectura
1266 1020 1595 1067 restituendum
1633 1027 1853 1069 censeat:
1906 1019 1961 1067 τὰ
1998 1019 2079 1085 μὲν
2116 1021 2165 1069 ἐκ
2196 1024 2360 1087 γάμων.
2435 1022 2582 1081 Quam

290 1101 603 1160 conjecturam
643 1097 857 1160 equidem
905 1101 1239 1161 speciosiorem
1275 1114 1407 1162 quam
1441 1102 1678 1148 veriorem
1709 1101 2030 1162 judicaverim.
2104 1102 2267 1166 Neque
2306 1105 2426 1151 enim
2463 1105 2583 1152 inest

289 1181 534 1244 quidquam
571 1182 616 1226 in
655 1181 812 1243 priore
852 1179 1089 1239 membro„
1146 1195 1235 1243 quo
1273 1195 1521 1241 cogamur„
1572 1188 1619 1228 ut
1657 1182 1808 1229 odium
1848 1182 1927 1230 vel
1964 1182 2144 1232 facinus
2183 1184 2582 1248 Clytaemnestrae

289 1269 453 1308 notare
491 1261 699 1309 voluisse
739 1267 923 1323 poetam
958 1260 1260 1318 arbitremur3
1298 1264 1434 1308 immo
1472 1263 1660 1321 locutio„
1698 1270 1746 1309 ut
1775 1265 1872 1324 Jam
1910 1278 2049 1327 supra
2086 1267 2259 1324 monui„
2297 1271 2387 1312 tam
2426 1279 2582 1326 gene-

287 1344 399 1391 ralis
437 1344 638 1390 notionis
677 1343 882 1405 speciem
921 1356 1034 1405 prae
1072 1357 1123 1390 se
1163 1342 1271 1402 fert„
1310 1349 1357 1390 ut
1393 1343 1666 1391 relationem
1692 1346 1825 1392 nimis
1863 1345 2130 1408 specialem,
2170 1360 2486 1409 quaecumque
2524 1362 2580 1394 ea

287 1426 371 1483 sit„
411 1430 614 1473 statuere
654 1425 738 1470 vix
776 1422 1042 1471 debeamus.
1117 1423 1262 1471 Multo
1301 1427 1449 1485 magis
1485 1425 1752 1485 generalis„
1793 1441 1926 1488 quam
1965 1426 2057 1474 odii
2093 1426 2172 1474 vel
2210 1425 2431 1475 facinoris
2459 1426 2581 1490 Cly-

286 1510 603 1552 taemnestrae
646 1505 1053 1564 commemoratio7
1092 1506 1180 1551 erit
1216 1504 1297 1551 fati
1336 1505 1474 1565 illius„
1513 1505 1632 1568 quod
1660 1505 1812 1553 domui
1839 1505 2162 1570 Pelopidarum
2188 1507 2294 1554 inde
2334 1522 2358 1554 a
2397 1507 2581 1572 Pelopis

285 1587 469 1634 scelere
490 1585 803 1649 impendebat„
832 1584 1125 1647 significatio.
1199 1584 1462 1649 Eademque
1501 1602 1592 1634 non
1632 1588 1780 1635 solum
1818 1588 1958 1634 multo
1996 1589 2208 1649 gravior„
2255 1604 2358 1635 meo
2398 1590 2580 1651 quidem

278 1668 472 1727 judicio„
515 1670 604 1713 erit
642 1682 777 1728 quam
806 1666 1209 1729 Clytaemnestrae
1248 1670 1510 1726 accusatio„
1550 1669 1633 1715 sed
1671 1670 1806 1714 etiam
1843 1671 2173 1716 sententiarum
2211 1672 2353 1716 nexui
2389 1685 2581 1731 prorsus

285 1747 656 1807 accommodata„
695 1749 971 1810 praesertim
1011 1762 1148 1810 quum
1185 1746 1315 1794 chori
1352 1749 1541 1810 ingenio
1580 1749 1781 1794 maxime
1820 1754 2182 1796 consentaneum
2220 1751 2276 1797 sit
2312 1751 2456 1812 ipsam
2495 1766 2581 1798 so-

284 1844 442 1876 rorum
482 1828 761 1877 discordiam
798 1844 860 1875 ex
892 1829 1058 1875 eodem
1094 1827 1210 1887 fato„
1248 1834 1462 1891 tanquam
1500 1844 1562 1876 ex
1599 1829 1876 1876 inexhausto
1914 1829 2041 1876 fonte
2080 1829 2321 1889 malorum,
2361 1831 2579 1877 derivari.

284 1911 356 1958 Ne
385 1913 485 1973 quis
524 1916 674 1957 autem
714 1916 924 1969 censeat,
961 1910 1043 1956 fati
1080 1911 1312 1956 notionem
1349 1924 1435 1958 nos
1472 1912 1618 1957 invito
1656 1916 1792 1973 poeta
1831 1909 1991 1957 verbis
2029 1912 2128 1971 eJus
2166 1910 2434 1971 obtrudere„
2472 1925 2580 1958 mo-

281 1992 483 2039 nendum
523 1998 593 2039 est
640 1993 783 2054 ipsius
821 1991 984 2038 domus
1021 1992 1257 2037 notionem
1295 2006 1425 2050 eum,
1472 1993 1546 2053 qui
1592 1993 1877 2051 tragicorum
1914 1997 2154 2054 poetarum
2193 1991 2411 2054 loquendi
2448 2007 2579 2040 usum

289 2076 526 2134 cognitum
576 2072 819 2131 habuerit,
863 2074 1072 2136 protinus
1108 2071 1188 2118 fati
1238 2072 1390 2118 domui
1428 2072 1733 2135 impendentis
1777 2072 2195 2118 commonefacere.
2270 2071 2581 2119 Conferantur

279 2155 370 2201 loci
409 2153 695 2216 Sophoclei:

769 2236 930 2295 Antig.
975 2235 1074 2281 184
1146 2232 1211 2284 οἷς
1234 2233 1317 2298 γὰρ
1343 2235 1396 2280 ἂν
1422 2234 1580 2298 σεισθῇ
1612 2232 1780 2280 θεόθεν
1806 2232 2008 2297 δόμος,
2045 2232 2152 2283 ἄτας

1149 2312 1276 2362 οὐδὲν
1305 2313 1501 2361 ἐλλείπει
1525 2322 1681 2378 γενεᾶς
1706 2313 1776 2362 ἐπὶ
1798 2313 1978 2378 πλῆθος
2008 2314 2152 2378 ἕρπον.

274 2473 340 2511 ουδ’
365 2473 431 2510 οἶδε
450 2472 577 2517 παῖδες,
603 2470 747 2521 Konta&
770 2472 917 2521 ἐφέστιοι,
938 2473 943 2518 Ι
966 2472 1091 2524 ἀνδρῶν
1110 2472 1145 2509 δὲ
1162 2482 1290 2524 πρῶτον
1308 2473 1340 2509 ἔν
1359 2487 1393 2509 τε
1465 2472 1575 2523 Κρέων
1599 2472 1603 2517 Ι
1625 2472 1678 2508 τὸν
1697 2473 1752 2521 μὲν
1766 2471 1929 2521 προτίσας,
1945 2470 1997 2509 τόν
2014 2469 2039 2507 δ’
2060 2471 2213 2525 ἀτιμάσας
2227 2472 2312 2521 ἔχοις
2329 2470 2532 2507 Ibid.891”m
2552 2471 2559 2517 Ι

273 2540 450 2583 συμφοραῖς
466 2533 536 2578 βίου
558 2535 564 2577 Ι
584 2532 742 2583 κρίνοντες
766 2532 799 2567 ἓν
822 2544 857 2567 τι
874 2531 1033 2579 δαιμόνων
1053 2532 1279 2580 ξυναλλαγαῖς.
1304 2535 1393 2568 Ibid.
1465 2531 1557 2571 ἄνους
1574 2533 1629 2579 μὲν
1646 2532 1744 2581 ἔρχει,
1759 2537 1825 2571 τοῖς
1843 2531 1945 2578 φίλοις
1964 2529 1992 2565 δ’
2009 2529 2116 2580 ὀρθῶς
2132 2531 2231 2578 φίλος.
2256 2532 2344 2565 Ibid.
2364 2532 2428 2565 162
2455 2529 2578 2580 ἄνδρας,

272 2594 342 2625 499
387 2591 457 2627 ἀλλ’
483 2592 500 2626 ὀ
534 2593 591 2640 μὲν
619 2590 675 2626 οὖν
706 2591 788 2629 Ζεὺς
820 2591 836 2625 ὀ
862 2588 885 2625 τ’
910 2588 1082 2625 Ἀπόλλων
1120 2589 1238 2630 Ευνετοὶ
1269 2592 1321 2626 καὶ
1352 2592 1393 2626 τὰ
1464 2590 1506 2624 τὰ
1531 2591 1587 2638 μὲν
1613 2590 1653 2640 δὴ
1686 2590 1802 2628 πόλιος
1827 2588 1980 2636 ἀσφαλῶς
2005 2588 2075 2624 θοοὶ
2105 2590 2112 2634 Ι
2154 2589 2268 2635 πολλῷ
2299 2588 2388 2632 σάλῳ
2421 2587 2579 2627 σείσαντος

273 2650 396 2697 βροτῶν
417 2652 423 2693 Ι
445 2649 583 2688 εἰδότος·
610 2647 776 2698 ἀνδρῶνδ’
793 2650 842 2682 ὅτι
859 2648 967 2693 μάντις
979 2649 1077 2683 πλέον
1095 2646 1187 2697 ἦ’γὼ
1205 2649 1345 2695 φέρεται,
1367 2651 1374 2693 Ι
1465 2648 1624 2696 ὤρθωσαν
1649 2648 1763 2683 πάλιν·
1787 2648 1792 2690 Ι
1814 2647 1897 2694 ὑμᾶς
1921 2645 1948 2680 δ’
1973 2647 2037 2696 ἐγὼ
2059 2653 2231 2694 πομποῖσιν
2250 2646 2285 2680 ὲκ
2303 2647 2431 2681 πάντων
2454 2646 2531 2695 δίχα
2550 2648 2558 2691 Ι

271 2708 369 2756 κρίσις
402 2707 460 2742 ουκ
492 2706 572 2741 ἔστιν
605 2706 744 2756 ἀληθής.
788 2708 875 2742 Oed.
903 2706 978 2741 Col.
1006 2710 1027 2740 5
1060 2706 1189 2755 σμικρὸν
1222 2707 1278 2753 μὲν
1303 2706 1393 2746 ὲΕαι-
1465 2704 1571 2741 ἔστειλ’
1599 2706 1730 2742 ἱκέσθαι.

270 2770 398 2809 τοῦντα,
421 2771 478 2800 τοῦ
504 2770 615 2813 μικροῦ
641 2763 665 2799 δ’
701 2764 747 2800 ἔτι
768 2766 773 2809 Ι
796 2770 884 2812 μαῖον
910 2764 1056 2813 φέροντα.
1083 2765 1171 2798 Ibid.
1189 2765 1277 2798 1674
1303 2763 1393 2799 ὥτινε
1511 2765 1569 2810 37)
1595 2766 1639 2798 ad
1663 2777 1695 2798 v.
1724 2765 1814 2799 1070
1862 2782 1875 2797 n
1893 2762 2111 2803 VerkaZude,
2136 2763 2224 2799 dass
2248 2762 2431 2799 wahrend
2450 2761 2578 2812 ldnqst

270 2824 324 2855 τὸν
349 2822 449 2856 πολὺν
466 2822 582 2856 ἄλλοτε
603 2824 660 2869 μὲν
676 2823 773 2856 πόνον
786 2823 926 2870 ἔμπεδον
946 2820 1090 2869 ιῖχομαν,
1111 2822 1116 2865 Ι
1139 2821 1172 2854 ἐν
1196 2822 1331 2869 πυμάτῳ
1357 2820 1384 2855 δ’
1467 2822 1555 2864 (seit
1572 2821 1855 2871 Aqamemnons
1870 2820 2141 2868 Ermordunq)
2167 2820 2237 2855 das
2261 2820 2374 2855 Hau-5
2397 2820 2573 2855 'would-¹

271 2879 423 2926 άλόγιστα
445 2880 642 2928 παροίσομεν
662 2881 669 2924 Ι
694 2880 796 2915 ἰδόντι
812 2882 866 2915 καὶ
881 2879 1034 2915 παθόντι.
1060 2881 1185 2913 Trach.
1206 2882 1271 2913 153
1295 2879 1388 2927 πάθη
1467 2883 1625 2922 Quocum
1649 2881 1828 2914 Nauckius
1855 2881 2045 2919 consentit,
2071 2880 2141 2912 nisi
2167 2881 2270 2923 quod,
2296 2891 2402 2924 quum
2425 2891 2489 2922 pro
2514 2879 2577 2927 ἤδη

272 2937 329 2986 μὲν
345 2935 402 2974 οὖν
416 2936 457 2988 δὴ
473 2935 564 2975 πόλλ’
582 2935 672 2988 ἔγωγ’
688 2938 903 2989 ὶιιλαυσάμην,
926 2939 931 2984 Ι
953 2937 986 2975 ἓν
1001 2935 1041 2982 δ’,
1054 2936 1121 2974 οἷον
1135 2936 1227 2974 οὔπω
1237 2936 1389 2986 πρόσθεν,
1461 2938 1552 2984 legat
1577 2935 1616 2985 δὴ
1629 2965 1639 2981 ,
1664 2939 1769 2974 dicit:
1806 2936 2007 2974 ‚wahrend
2030 2935 2165 2981 (dm-eh
2192 2936 2477 2986 Agamemnona·
2501 2936 2574 2974 Er-

271 2995 367 3030 αὐτίκ’
393 2996 506 3045 diepa».
556 2998 665 3042 Antig.
691 2999 734 3029 21
771 2999 807 3032 οὐ
832 2998 895 3047 γὰρ
919 2997 1023 3044 τάφου
1046 3000 1110 3042 νῷν
1133 2996 1180 3030 τὼ
1211 2996 1388 3045 κασιγνήτω
1459 2996 1665 3044 mordunq)
1691 2996 1760 3031 das
1785 2995 1895 3031 Hans
1918 2994 2072 3030 krankt.
