2882 3662
1161 154 1185 175 .-

831 208 982 275 ζώῃς
1018 228 1088 274 μοι
1119 207 1401 272 καθύπερθεν

829 280 949 357 χειρῖ
964 291 1037 339 καὶ
1058 292 1244 355 πλούτῳ
1267 299 1357 337 τῶν
1382 288 1589 354 ἐχθρῶν,
1625 289 1728 338 ὅσον

831 381 906 422 νῦν
930 372 1117 440 ὑπόχειρ
1146 374 1295 424 ναίεις.

276 453 597 502 Pulchr-iorem
645 456 766 502 enim
813 457 955 503 vitam
989 455 1208 503 Electrae
1254 453 1426 502 chorus
1472 460 1632 518 optare
1680 467 1775 500 non
1808 459 1988 516 potest,
2043 456 2083 501 si
2119 460 2253 500 antea
2290 455 2558 519 simpliciter

276 538 419 584 vitam
454 538 671 585 miseram
707 536 913 597 elegisse
949 535 1113 583 dicitur
1149 534 1208 582 ob
1240 549 1432 597 eamque
1469 550 1566 582 rem
1603 534 1841 593 laudatur3
1894 541 2044 598 potest
2057 570 2072 594 a
2110 537 2148 582 si
2197 542 2332 582 antea
2377 538 2423 582 in
2460 538 2556 583 vita

276 618 445 666 misera
498 616 715 679 eligenda
766 616 1045 681 pulchrioris
1080 618 1205 666 vitae
1241 631 1324 680 spe
1373 618 1615 667 sustentari
1665 616 1842 664 dicitur.
1915 614 2168 664 Praeterea
2215 631 2337 664 nunc
2375 616 2555 664 demum

275 698 603 759 intelligimus,
658 697 887 761 quomodo
923 698 1152 761 duplicem
1193 697 1376 746 laudem
1412 696 1598 747 Electra
1646 704 1952 747 consecutura
1989 699 2072 757 sit„
2127 704 2173 746 et
2220 699 2473 760 sapientiae
2511 705 2558 746 et

275 779 470 841 pietatis.
544 777 740 842 Sapiens
778 780 899 827 enim
925 777 1112 827 Electra
1148 793 1240 826 non
1276 776 1382 826 ideo
1420 777 1507 827 dici
1542 784 1711 840 potest„
1751 777 1871 840 quod
1908 777 2131 826 honestae
2167 779 2237 825 rei
2275 777 2409 825 fidem
2445 794 2557 827 ser-

279 863 408 909 vavit
437 858 531 923 ¹¹³]
560 887 619 895 -—
661 876 766 908 nam
791 860 880 908 hoc
917 862 1167 909 constantis
1204 867 1302 920 est„
1340 874 1434 907 nou
1470 862 1686 922 sapientis
1711 877 1806 917 ——3
1849 875 1999 922 neque
2024 859 2236 922 profecto
2271 860 2395 920 ideo7
2434 859 2555 922 quod

279 943 356 1003 „in
381 942 551 990 misera
576 946 623 989 et
657 942 1085 1002 ignominiosa-vita
1121 942 1305 990 versari
1338 940 1503 989 diutius
1538 940 1713 988 noluit“
1754 939 1847 1002 ¹¹⁴]
1889 968 1947 975 —
1988 955 2093 988 nam
2124 939 2322 988 taedium
2359 942 2557 989 miserae

273 1023 397 1071 vitae
435 1036 519 1085 per
556 1036 608 1071 se
645 1027 896 1085 spectatum
933 1037 1027 1070 non
1065 1028 1136 1071 est
1174 1021 1492 1070 documentum
1543 1022 1792 1085 sapientiae
1815 1039 1913 1080 ——3
1967 1023 2105 1069 immo
2150 1023 2336 1084 sapiens
2373 1020 2556 1080 dicitur„

274 1103 394 1166 quod
419 1105 559 1151 vitam
584 1105 797 1152 miseram
823 1104 1023 1167 quidem,
1061 1104 1144 1151 sed
1174 1103 1413 1152 honestam
1437 1104 1704 1163 eandemque
1723 1104 1959 1162 pulchram
1982 1103 2069 1151 sibi
2094 1109 2346 1166 comparat,
2384 1105 2554 1166 optima

273 1184 391 1245 filia„
430 1185 550 1248 quod
587 1191 716 1249 patre
743 1185 1011 1239 ulciscendo
1035 1186 1158 1232 illam
1183 1176 1374 1249 adipisci
1399 1185 1559 1233 studet.
1609 1184 1848 1232 Sententia
1884 1187 2022 1247 igitur
2047 1199 2238 1248 prorsus
2276 1185 2435 1231 similis
2463 1183 2556 1247 ¹¹⁵)

273 1274 343 1316 est
379 1269 452 1328 ei5
491 1282 625 1331 quam
662 1270 708 1313 in
746 1267 1002 1314 Philocteta
1038 1267 1114 1331 (v.
1156 1267 1285 1331 117)
1323 1266 1572 1315 habemus:

822 1349 894 1396 Ul.
931 1349 993 1400 ὥς
1014 1356 1147 1395 τοῦτο
1170 1348 1209 1412 γ’
1236 1349 1367 1413 ἔρξας
1391 1347 1469 1395 δύο
1493 1348 1620 1413 φέρει
1651 1348 1905 1413 δωρήματα.

827 1429 884 1476 Ν.
920 1430 1058 1488 ποίω;
1093 1429 1248 1493 μαθὼν
1272 1429 1353 1494 γὰρ
1378 1429 1455 1476 οὐκ
1480 1430 1532 1476 ἂν
1558 1430 1767 1494 ἀρνοίμην
1792 1427 1843 1475 τὸ
1868 1428 1983 1493 δρᾶν.

822 1510 894 1558 Ul.
934 1504 1069 1575 W<
1090 1509 1128 1557 τ’
1154 1510 1208 1558 ἂν
1233 1508 1369 1563 αὐτὸς
1390 1509 1589 1576 κάγαθὸς
1610 1509 1765 1574 κεκλῆ
1792 1510 1895 1574 ἅμα.

270 1589 323 1636 ln
362 1605 451 1653 quo
487 1590 591 1637 loco
629 1596 675 1638 et
710 1591 828 1652 ipsa,
866 1596 913 1637 ut
949 1592 996 1637 in
1015 1589 1235 1638 Electrae
1272 1590 1396 1652 loco„
1430 1590 1567 1657 σοφός
1590 1591 1648 1638 de
1686 1606 1745 1638 eo
1779 1590 1961 1650 dicitur,
2006 1592 2082 1652 qui
2118 1604 2201 1638 suo
2239 1592 2380 1653 ipsius
2419 1605 2555 1637 com-

270 1671 408 1719 modo
445 1671 641 1719 consulit
672 1665 775 1732 ¹¹⁶).
847 1670 1175 1734 Comprobavit
1211 1678 1362 1719 autem
1393 1672 1582 1720 Electra
1621 1672 1795 1733 judicio
1841 1671 1970 1718 chori
2007 1686 2107 1717 eam
2146 1673 2442 1733 sapientiam„
2499 1670 2555 1716 ad

269 1767 405 1816 quam
442 1754 540 1815 ipse
578 1750 747 1799 chorus
785 1758 919 1798 antea
956 1766 1058 1798 eam
1095 1752 1364 1801 exhortatus
1401 1760 1502 1801 erat
1535 1752 1613 1816 [v.
1654 1751 1852 1814 1015):

817 1831 952 1880 πιθοῦ
966 1849 978 1860 ·
1001 1833 1206 1897 προνοίας
1228 1831 1354 1882 οὐδὲν
1381 1834 1631 1900 ἀνθρώποις
1655 1833 1744 1900 ἔφυ

819 1913 972 1979 κέρδος
994 1914 1147 1977 λαβεῖν
1172 1915 1348 1979 ἄμεινον
1373 1914 1473 1963 οὐδὲ
1510 1924 1612 1963 νοῦ
1648 1933 1706 1963 σο
1722 1934 1753 1980 φ
1773 1923 1846 1963 οῦ.

270 1982 411 2054 Ωιιοᾶ
445 1997 643 2059 denique
681 1994 739 2045 ad
775 1999 874 2059 ipsa
912 1996 1060 2044 verba
1095 1995 1146 2044 τὸ
1170 1996 1250 2065 ζῇν
1275 1996 1410 2045 καλὸν·
1433 1998 1742 2045 καθοπλίσασα
1778 2000 1956 2056 attinet,
1994 2011 2147 2058 neque
2176 1997 2373 2044 verbum
2410 1997 2556 2044 καθο-

265 2076 453 2137 πλίζειν,
505 2092 657 2139 neque
696 2079 975 2125 constructio
1023 2080 1276 2125 accusativi
1325 2078 1547 2141 duplicis,
1605 2086 1652 2125 et
1699 2078 1899 2139 obJecti:
1941 2076 1993 2125 τὸ
2029 2077 2142 2142 ζῆν,
2188 2084 2235 2124 et
2270 2077 2551 2140 praedicati:

267 2156 423 2219 mmm,
462 2157 775 2206 difficultatem
800 2156 977 2206 hahere
1013 2158 1212 2206 videtur.
1262 2158 1423 2207 Verbo
1460 2162 1582 2207 enim
1619 2160 1701 2207 illo
1730 2160 1988 2222 Sophocles
2023 2161 2161 2206 utitur
2198 2161 2456 2222 respiciens
2499 2159 2555 2205 ad

275 2255 362 2301 ea,
401 2254 518 2303 quae
557 2239 989 2304 Chrysothemidem
1026 2247 1160 2288 antea
1198 2240 1426 2289 dicentem
1462 2241 1641 2289 fecerat
1679 2243 1754 2302 (v.
1794 2241 1953 2302 995):

820 2327 897 2368 ποῖ
917 2320 1000 2386 γάρ
1022 2319 1117 2369 ποτ’
1144 2320 1400 2386 ἐμβλέψασα
1422 2318 1616 2371 ’ἐοιοῦτον
1644 2321 1812 2387 θράσος
1929 2332 1933 2336 ’

754 2460 757 2467 y
817 2400 928 2467 αὐτή
951 2400 994 2449 θ’
1023 2401 1254 2454 ὁπλίζει
1288 2401 1389 2467 κᾶμ’
1416 2404 1651 2468 ὑπηρετεῖν
1679 2403 1856 2460 nalem

268 2482 560 2532 Constructio
608 2488 759 2550 autem
804 2482 884 2530 illa
935 2483 1128 2546 duplicis
1177 2488 1430 2533 accusativi
1477 2487 1589 2533 satis
1638 2483 1843 2531 firmatur
1892 2483 2086 2531 aliorum
2135 2485 2391 2533 verborum
2430 2501 2552 2532 ana-

265 2564 411 2626 logia.,
450 2580 567 2627 quae
594 2570 641 2611 et
665 2565 782 2626 ipsa,
820 2570 868 2610 ut
892 2563 1202 2624 καθοπλίζειν,
1240 2565 1441 2614 faciendi
1477 2565 1558 2614 vel
1584 2564 1815 2614 efficiendi
1851 2567 2087 2613 notionem
2125 2569 2168 2613 in
2208 2582 2259 2615 se
2299 2569 2549 2614 continent.

312 2704 391 2749 113)
417 2702 700 2738 Schneidewinus
735 2703 770 2733 et
794 2699 971 2742 Nauckius
997 2703 1042 2735 ad
1065 2714 1096 2735 v.
1122 2703 1212 2737 1089
1246 2703 1369 2748 ,,σοφά,
1438 2708 1555 2738 nestra
1590 2703 1813 2748 &Aegistho
1850 2704 2045 2736 viventibus
2081 2704 2238 2748 degebat,
2270 2705 2401 2737 versari
2422 2704 2553 2737 diutius

262 2759 349 2799 weil
366 2760 421 2798 sie
443 2758 510 2796 der
528 2761 646 2810 quien
672 2755 795 2795 Sache
823 2760 904 2808 treug
921 2756 1071 2795 bleibt.“
1438 2762 1587 2797 noluit.“

1024 2862 1027 2864 q
1486 2820 1568 2867 115)
1591 2820 1734 2854 Falsum
1770 2824 1823 2854 est
1857 2821 1971 2866 igitur,
2010 2821 2103 2865 quod
2131 2820 2329 2856 Wunderus
2372 2821 2393 2853 l.
2427 2831 2457 2854 c.
2491 2820 2551 2854 ad·

310 2879 390 2924 114)
414 2877 609 2912 wanda-us
633 2877 680 2910 nd
714 2888 748 2910 v.
773 2878 865 2911 1009
889 2888 941 2922 sq.
993 2879 1175 2923 „Denique
1195 2880 1292 2920 fore,
1329 2883 1368 2912 ut
1438 2880 1599 2924 scripsit:
1623 2877 1748 2921 „Alia
1771 2880 1810 2912 in
1825 2889 1862 2912 re
1878 2880 2071 2922 composita
2094 2884 2176 2912 sunt
2198 2879 2373 2921 adjectiva
2396 2880 2493 2924 σοφὸς
2518 2883 2552 2912 et

261 2936 412 2984 sapiens
442 2936 623 2976 diceretur,
668 2944 808 2978 sperare
843 2935 983 2971 Electra
1017 2937 1133 2981 potuit
1167 2941 1366 2981 propterea,
1438 2934 1561 2986 ἀγαθὸς
1583 2936 1732 2971 Philoct.
1761 2937 1858 2969 119.“

262 2995 357 3042 quod
386 2994 424 3028 in
453 2994 578 3029 misera.
614 2996 650 3027 et
684 2991 920 3037 ignominiosa
948 2995 1031 3037 vitu,
1060 3005 1164 3041 qum
1192 2992 1365 3040 clynem-
1485 2994 1564 3041 11⁶)
1589 2991 1685 3042 σοφὸς
1706 2993 1769 3043 γὰρ
1795 2991 1909 3038 οὐδεὶς,
1935 2993 2015 3033 berte
2038 2994 2099 3043 οὐχ
2124 2992 2212 3042 αὐτῷ
2236 2993 2341 3041 σοφός.

2203 3053 2269 3094 4*
