2882 3662
293 264 487 311 formam
539 267 895 327 exspectaveris
940 263 1043 324 ¹¹⁰).
1118 265 1275 312 Aliam
1313 266 1404 313 loci
1457 265 1731 312 emendandi
1776 268 1901 312 viam
1938 265 2181 328 Kayser&
2214 266 2307 328 ιιι)
2347 271 2591 330 ingressus

291 353 389 405 est,
447 349 523 409 qui
559 346 791 394 vocabulo
828 344 963 392 καλὸν
1001 348 1047 393 in
1095 344 1227 393 κακὸν
1265 354 1433 394 mutato
1469 344 1520 392 τὸ
1563 345 1623 411 μὴ
1658 344 1790 394 κακὸν
1835 362 1926 410 pro
1957 344 2009 393 τὸ
2044 346 2187 396 καλὸν
2217 350 2300 397 vel
2334 348 2386 396 τὸ
2423 348 2593 416 ἀγαθὸν

291 428 459 474 dictum
498 431 737 477 censuisse
776 435 822 475 et
857 435 999 476 totum
1039 429 1190 475 locum
1240 444 1299 476 eo
1348 444 1486 476 sensu
1524 431 1761 492 accepisse
1798 429 2013 489 videtur,
2072 437 2120 477 ut
2157 430 2346 479 Electra
2383 432 2429 479 id
2467 432 2589 496 quod

293 509 534 556 honestum
575 516 732 569 esset„
769 512 797 555 i.
835 525 877 557 e.
913 511 1133 556 ultionem
1172 512 1345 574 patris„
1383 523 1564 556 armare
1602 509 1849 557 diceretur.
1909 509 2123 558 Attamen
2164 514 2252 561 etsi
2286 510 2340 559 τὸ
2369 512 2430 579 μὴ
2454 513 2592 562 καλὸν

292 590 459 636 eodem
508 605 648 638 sensu
698 591 863 639 dicitur
901 607 991 655 quo
1040 589 1092 637 τὸ
1136 590 1350 657 αἰσχρόν,
1398 591 1742 654 haudquaquam
1787 593 2005 639 continuo
2054 595 2291 655 sequitur,
2339 600 2388 641 ut
2432 593 2484 641 τὸ
2529 596 2591 662 μὴ

291 667 423 718 κακὸν
462 671 629 720 eodem
669 688 810 722 sensu
849 688 939 736 quo
974 670 1026 720 τὸ
1051 671 1220 738 ἀγαθὸν
1260 672 1349 720 dici
1384 673 1584 736 potuisse
1623 672 1945 722 concedamus.

431 752 544 801 Mihi
584 755 629 800 in
670 754 962 803 emendando
999 754 1107 802 loco
1154 760 1373 816 corrupto
1412 753 1517 801 inde
1554 753 1937 816 proficiscendum
1976 755 2187 815 videtur,
2242 757 2363 818 quod
2403 757 2589 805 Electra

292 835 339 881 in
380 828 668 896 antistropha
694 836 852 898 priore
890 834 1237 897 haudquaquam
1264 834 1532 897 simpliciter
1557 836 1675 882 mori
1701 836 2036 898 concupiscere
2063 834 2242 896 dicitur„
2281 837 2366 885 sed
2391 853 2445 885 ea
2471 854 2594 886 con-

298 916 472 963 ditione
509 918 627 963 mori
665 923 822 980 parata
860 932 966 965 esse
981 953 996 976 .,
1035 924 1083 964 ut
1118 916 1400 978 Aegisthum
1434 922 1481 964 et
1514 916 1928 979 Clytaemnestram
1965 916 2222 965 interliciat.
2294 918 2413 966 Hinc
2450 920 2590 967 colli-

297 1011 415 1057 gere
453 1011 725 1059 possumus‚
776 1011 877 1045 eam
915 1012 976 1045 ne
1012 1011 1135 1045 nunc
1173 996 1355 1060 quidem
1391 996 1657 1060 simpliciter
1693 998 1835 1044 vitam
1873 998 2087 1046 miseram
2124 997 2306 1059 eligere
2343 998 2458 1059 dici„
2507 998 2593 1048 sed

291 1076 455 1125 eadem
498 1076 781 1137 conditione„
820 1084 867 1126 ut
902 1077 1179 1140 Aegisthum
1216 1084 1262 1126 et
1285 1077 1703 1142 Clytaemnestram
1742 1075 2001 1137 interficiat„
2038 1079 2180 1126 vitam
2212 1080 2428 1129 miseram
2465 1081 2591 1129 vitae

295 1162 435 1222 turpi„
474 1159 657 1221 qualem
685 1159 1035 1223 Chrysothemis
1060 1168 1216 1208 actura
1243 1167 1359 1220 erat„
1391 1165 1683 1224 praeoptare.
1723 1159 1894 1222 Sperat
1928 1166 2079 1207 autem
2104 1176 2292 1220 revera„
2331 1177 2384 1210 se
2407 1163 2592 1210 tandem

295 1242 542 1304 aliquando
566 1241 841 1302 Aegisthum
866 1250 911 1289 et
937 1243 1353 1307 Clytaemnestram
1380 1241 1725 1288 interfecturam
1752 1241 1922 1304 talique
1948 1242 2085 1288 modo
2111 1242 2423 1306 pulchriorem
2448 1246 2589 1291 vitam

291 1323 559 1387 adepturam
599 1338 720 1371 esse.
775 1325 876 1371 Hoc
904 1339 1040 1388 quum
1067 1340 1130 1371 ex
1156 1327 1224 1371 eis
1262 1324 1422 1372 verbis
1458 1330 1666 1387 apparet„
1705 1323 1867 1387 quihus
1904 1337 2136 1384 sororem5
2174 1331 2223 1371 ut
2258 1339 2416 1373 secum
2454 1328 2589 1389 peri-

298 1404 450 1450 culum
489 1405 681 1464 subeat,
739 1408 931 1452 incitare
969 1406 1120 1453 studet
1152 1405 1273 1468 ¹¹²]-,
1331 1412 1422 1452 tum
1471 1420 1590 1451 vero
1640 1407 1777 1451 etiam
1813 1419 1876 1450 ex
1914 1406 2011 1464 eis„
2066 1419 2184 1467 quae
2217 1412 2380 1469 postea
2434 1406 2592 1454 fratris

291 1486 466 1532 auxilio
506 1493 782 1549 recuperato
819 1487 878 1533 de
915 1501 970 1533 ea
1017 1487 1280 1534 conditione
1319 1487 1452 1544 dicit„
1515 1488 1560 1531 in
1600 1500 1688 1547 qua
1725 1487 1884 1533 nuntio
1921 1485 1978 1531 de
2016 1486 2172 1533 fratris
2209 1493 2358 1533 morte
2396 1494 2589 1551 accepto

293 1573 480 1615 versata
519 1573 620 1614 erat
656 1566 733 1630 (v.
775 1566 971 1630 1319):

1372 1647 1434 1700 ὡς
1459 1646 1549 1711 ἐγὼ
1575 1645 1687 1711 μόνη

852 1728 931 1775 οὐκ
953 1728 1008 1775 ἂν
1032 1727 1152 1775 δυοῖν
1178 1730 1375 1794 ἥμαρτον
1396 1745 1407 1755 ·
1444 1729 1473 1795 ἧ
1507 1726 1612 1792 γὰρ
1647 1728 1712 1774 ἂν
1749 1729 1944 1780 καλῶς.

854 1808 1016 1857 ἔσωέ
1057 1809 1341 1877 ἐμαυτήν,
1379 1810 1633 1877 ἢκαλῶς
1666 1807 1981 1875 ἀπωλόμην.

297 1893 478 1955 Negari
516 1895 657 1954 igitur
695 1907 786 1939 non
826 1894 998 1955 poterit
1033 1892 1312 1956 pulchrioris
1354 1894 1477 1940 vitae
1512 1907 1641 1956 spem
1679 1906 1774 1939 non
1798 1891 1936 1939 modo
1972 1886 2141 1956 optime
2178 1893 2225 1939 in
2258 1895 2588 1940 sententiarum

293 1991 467 2023 nexum
503 1974 750 2038 quadrare„
790 1974 873 2021 sed
911 1978 1179 2024 necessario
1219 1977 1263 2021 in
1300 1977 1630 2022 sententiarum
1677 1976 1799 2021 serie
1837 1974 2108 2023 desiderari.
2175 1974 2419 2022 Pulchrior
2468 1976 2587 2021 enim

293 2060 388 2104 vita
436 2072 528 2104 non
579 2056 728 2104 solum
777 2058 902 2102 vitae
941 2058 1169 2115 miserae„
1232 2072 1364 2119 quam
1414 2056 1617 2117 elegisse
1652 2056 1840 2103 Electra
1887 2056 2042 2119 paullo
2093 2062 2227 2103 antea
2264 2056 2451 2114 dieitur,
2506 2057 2588 2103 sed

290 2140 425 2184 etiam
465 2139 631 2195 morti„
675 2152 808 2198 quam
846 2140 1026 2200 perpeti
1063 2144 1219 2200 parata
1257 2144 1385 2195 erat„
1435 2143 1481 2183 et
1515 2140 1640 2184 vitae
1678 2138 1825 2199 turpi„
1877 2151 1902 2183 a
1940 2151 2027 2199 qua
2064 2135 2377 2194 abhorrebat„
2417 2139 2590 2184 rectis-

292 2221 407 2266 sime
446 2221 709 2282 opponitur.
785 2214 1077 2282 Quapropter
1115 2236 1206 2266 non
1247 2218 1429 2276 dubito5
1468 2221 1573 2282 quin
1612 2226 1747 2282 poeta
1785 2220 2053 2282 scripserit:

987 2300 1037 2349 τὸ
1075 2300 1141 2365 ζῆ
1157 2319 1180 2347 ν
1218 2298 1354 2348 καλὸν
1378 2300 1683 2349 καθοπλίσασα
1701 2338 1717 2361 v

292 2387 339 2430 ut
375 2383 512 2430 totius
552 2382 643 2429 loci
682 2383 909 2431 sententia
948 2381 1063 2429 haec
1105 2382 1193 2430 sit:
1254 2380 1435 2443 „Nemo
1472 2380 1690 2430 nobilium
1729 2382 1849 2441 turpi
1884 2383 1979 2429 vita
2015 2380 2211 2444 gloriam
2250 2380 2587 2430 commaculare

290 2463 418 2521 vult„
468 2465 528 2511 ita
565 2470 613 2510 ut
651 2465 988 2524 ignominiosus
1024 2462 1127 2519 fiat3
1178 2470 1226 2509 ut
1260 2469 1306 2509 tu
1345 2479 1527 2525 quoque
1562 2465 1773 2510 miseram
1808 2464 1947 2510 vitam
1985 2463 2293 2526 praeoptastiq
2344 2461 2589 2510 dummodo

288 2547 429 2591 vitam
467 2548 525 2592 ita
565 2561 746 2603 armes„
786 2552 835 2591 ut
867 2545 1057 2602 pulchra
1088 2542 1146 2607 [i.
1175 2561 1215 2591 e.
1243 2544 1468 2607 honesta)
1495 2545 1706 2591 evadat.“
1748 2544 1878 2592 Hanc
1915 2551 2065 2591 autem
2102 2546 2377 2592 sententiam
2418 2559 2588 2591 revera

288 2629 600 2675 necessariam
640 2642 745 2674 esse
793 2628 931 2673 etiam
969 2642 1030 2674 ex
1068 2626 1381 2689 antistrophae
1419 2625 1579 2673 verbis
1618 2627 1801 2674 elucet:

340 2835 419 2879 110)
461 2835 584 2869 Aesch.
636 2835 733 2869 Eum.
792 2835 857 2868 153
917 2833 986 2873 νέος
1026 2832 1061 2869 δὲ
1101 2831 1215 2882 γραίας
1255 2831 1407 2882 δαίμονας
1528 2833 1606 2879 112)
1639 2847 1670 2868 v.
1698 2835 1824 2869 Electr.
1850 2846 1880 2867 ν.
1913 2832 2101 2870 007-980
2117 2860 2125 2875 ‚
2178 2834 2347 2879 imprimis
2381 2839 2499 2868 ventus
2530 2843 2592 2879 po-

290 2892 594 2929 καὸιππάσω.
642 2893 710 2927 723
736 2892 807 2928 ἐπεὶ
830 2890 1136 2933 καθιππάζῃ.
1173 2904 1211 2940 με
1241 2891 1407 2942 πρεσβῦτιν
1479 2897 1644 2928 stremoa:
1676 2898 1799 2929 παῦσον
1834 2892 1880 2928 εκ
1915 2899 2069 2928 κακῶν
2105 2891 2175 2940 ἂμί,
2208 2893 2214 2938 Ι
2244 2897 2367 2928 παῦσον
2403 2890 2439 2927 δὲ
2464 2891 2594 2942 σαυτὴν,

289 2951 369 2990 νέος.
419 2952 498 2987 770,
552 2951 620 2984 797
673 2951 711 2985 ἰὼ
747 2951 818 2987 θεοὶ
852 2951 1021 3001 νεώτεροι,
1056 2950 1215 2989 παλαίοικ
1247 2952 1387 2998 νόμουςΙ
1479 2957 1576 2986 τοῦτο
1611 2947 1823 3000 γιγνόσιοικΐ,
1861 2950 1935 2994 utel
1962 2949 2020 3000 ζῆν
2057 2949 2187 3000 αίσγρὸν
2222 2950 2362 3000 αἰσχρῶς
2396 2955 2463 2988 τοῖς
2486 2949 2594 2988 καλῶς

290 3009 669 3044 καθιππάσασθε
693 3009 754 3044 κάκ
777 3018 884 3058 χερῶν
908 3009 1034 3044 εἵλεσθέ
1059 3021 1130 3056 μου.
1479 3009 1659 3054 πεφυκόσιν.

341 3069 420 3112 111)
446 3081 477 3101 v·
502 3069 757 3103 Schneidewin.
776 3069 819 3102 ad
844 3081 876 3100 v.
904 3069 1004 3103 1086.
