2882 3662
1301 73 1605 120 -9-

308 219 509 282 aliquem
533 215 869 278 designandum
893 220 1137 277 usurpatus
1174 228 1232 260 eo
1264 215 1509 274 Justiorem
1535 212 1883 258 excusationem
1907 208 2075 267 habet7
2115 206 2235 270 quod
2259 207 2395 252 totius
2433 205 2587 267 stirpis

307 303 463 362 imago
500 296 834 362 quodammodo
871 311 975 344 cum
1009 296 1213 358 imagine
1249 296 1398 357 ejus.,'
1425 294 1500 357 qui
1536 293 1723 356 proprie
1755 289 2084 353 intelligendus
2122 294 2220 349 est,
2279 288 2585 348 conjungitur.

307 382 409 432 Nec
442 379 655 445 profecto
692 379 826 426 aliter
863 385 998 442 atque
1047 377 1136 425 hoc
1183 376 1289 424 loco
1336 375 1503 441 plurali
1550 388 1743 421 numero
1780 374 1979 421 nominis
2014 371 2320 435 patronymici
2356 366 2588 416 Labdaci-

311 463 472 510 darum
509 462 566 508 ad
600 475 741 507 unum
776 459 934 506 Laium
970 457 1320 526 significandum
1357 456 1616 520 Sophocles
1655 470 1764 502 usus
1802 460 1901 502 est:

588 539 701 589 Oed.
741 539 857 602 Reg.
896 539 996 588 489
1072 537 1114 585 τί
1135 536 1219 603 γὰρ
1243 539 1274 604 ἢ
1298 535 1587 601 Λαβδακίδαις

1068 620 1099 686 ἢ
1123 625 1194 686 τῷ
1216 618 1420 682 Πολύβου
1456 625 1596 670 νεῖκος
1621 616 1776 675 ἔκειτ’;

589 695 701 750 Oed'.
741 702 858 763 Reg.
897 701 996 748 495
1079 699 1150 747 ἐπὶ
1171 699 1251 746 τὰν
1278 699 1482 763 ἐπίδαμον
1506 700 1631 763 φάτιν
1658 696 1738 761 εἶμ’
1767 694 1974 745 Οἰδιπόδα
2010 692 2299 757 Λαβδακίδαις

1071 781 1299 846 ἐπίκουρος
1320 779 1498 848 ἀδήλων
1525 779 1744 827 θανάτων.

450 865 549 913 Jam
575 866 632 914 ad
658 864 987 927 antistropham
1014 870 1319 922 transeamus,
1359 864 1487 923 cujus
1525 863 1655 923 primi
1686 876 1856 908 versus
1882 860 2100 916 indicant,
2139 873 2256 919 quae
2282 857 2424 903 Fama
2450 857 2591 916 Aga-

313 948 546 995 memnoni
583 948 795 995 nuntiare
826 944 1042 1007 Jubetur:

866 1023 930 1071 ὅτι
954 1026 1093 1090 σφίσιν
1118 1023 1203 1090 ἤδη
1228 1023 1283 1069 τὰ
1309 1023 1385 1087 μὲν
1412 1024 1461 1070 ἐκ
1483 1020 1630 1086 δόμων
1656 1029 1791 1080 νοσεῖ,

948 1105 1004 1151 τὰ
1027 1104 1074 1150 δὲ
1098 1103 1209 1169 πρὸς
1241 1105 1406 1151 τέκνων
1430 1103 1562 1170 διπλῆ

950 1186 1135 1252 φΰλοπις
1159 1186 1237 1233 οὔκ
1262 1185 1321 1232 ἔτ’
1349 1185 1528 1239 ἐξισοῦ-

957 1286 1027 1315 ται
1051 1266 1291 1334 φιλοτασίῳ
1316 1265 1432 1314 διαί-

948 1367 1015 1413 τᾳ·

315 1434 447 1493 Quae
486 1433 635 1481 verba
672 1437 889 1495 corrupta
928 1445 1032 1479 esse
1070 1445 1132 1478 ex
1170 1430 1350 1478 turbato
1387 1432 1520 1478 metri
1557 1429 1717 1477 ordine
1751 1436 1956 1493 apparet.
2022 1428 2072 1475 In
2111 1431 2257 1491 primo
2296 1432 2417 1476 enim
2451 1445 2593 1477 versu

314 1513 545 1562 vocabula
582 1513 720 1578 σφίσιν
744 1511 832 1579 ἤδη
871 1526 963 1559 non
1000 1511 1284 1574 respondent
1320 1511 1550 1559 vocabulo
1588 1509 1832 1575 trisyllabo
1869 1509 2067 1568 ἄνωθενς
2116 1513 2162 1557 in
2201 1511 2405 1559 secundo
2443 1518 2594 1558 autem

315 1610 458 1642 versu
495 1595 626 1642 deest
663 1592 846 1657 syllaba
884 1592 941 1640 ad
978 1606 1239 1639 mensuram
1276 1592 1498 1655 glyconei
1536 1591 1869 1654 complendam.

456 1675 611 1737 Atque
647 1676 773 1737 prius
818 1672 928 1719 illud
965 1671 1179 1719 mendum
1215 1672 1383 1735 duplici
1417 1671 1556 1723 ,modo
1599 1672 1698 1718 tolli
1735 1674 1931 1735 poterit3
1967 1677 2045 1718 ant
2080 1673 2199 1718 enim
2237 1670 2335 1736 σφὶν
2363 1670 2448 1738 ἤδη
2493 1687 2595 1719 cum

318 1755 606 1811 Schaefero„
643 1753 867 1815 ElmsleJo
904 1753 991 1814 (ad
1027 1752 1139 1800 Eur.
1175 1752 1296 1799 Med.
1338 1752 1528 1813 1345)ἦ
1576 1751 1628 1799 G.
1668 1752 1964 1812 Hermanno,
2009 1751 2278 1809 Dindorfio,
2327 1752 2594 1814 Wundero,

317 1836 702 1895 Schneidewinm
740 1834 1025 1896 Hartungio,
1062 1833 1269 1896 Bergkio
1284 1870 1299 1893 ,
1336 1841 1412 1881 aut
1447 1834 1587 1899 σφίσιν
1616 1831 1672 1901 δὴ
1709 1849 1810 1881 cum
1844 1833 2080 1881 Erfurdtio
2117 1841 2163 1881 et
2201 1833 2244 1881 Ν
2248 1834 2413 1883 auckio
2451 1838 2597 1884 resti-

315 1924 506 1966 tuemus.
563 1916 765 1975 Quarum
803 1918 1140 1964 correctionum
1176 1922 1278 1963 utra
1315 1915 1624 1980 praeferenda
1661 1917 1735 1977 sit,
1780 1923 1873 1963 tum
1910 1916 2090 1964 demum
2123 1915 2377 1978 dijudicare
2413 1919 2597 1981 poteri-

317 1986 440 2060 mus,
477 2001 517 2048 si
552 2001 807 2059 rationem„
844 2013 962 2062 quae
997 2000 1117 2045 inter
1153 1998 1242 2045 duo
1280 1998 1485 2045 membra
1520 1998 1757 2061 particulis
1804 1997 1882 2062 μὲν
1919 2005 1965 2045 et
2000 1997 2048 2045 δὲ
2086 1998 2296 2046 distincta
2337 1998 2596 2060 intercedit,

318 2083 575 2129 accuratius
610 2086 902 2145 perspectam
940 2079 1247 2128 habuerimus.
1320 2078 1464 2137 Quam
1509 2081 1736 2127 rationem
1773 2085 1822 2127 ut
1858 2094 2228 2141 cognoscamus„
2267 2080 2324 2128 ab
2362 2084 2599 2144 interpre-

316 2165 489 2210 tatione
527 2161 813 2223 singulorum
850 2160 1157 2208 membrorum
1194 2160 1537 2223 proficiscamur
1578 2175 1774 2208 necesse
1811 2167 1893 2208 est.

457 2243 691 2290 Posterius
727 2242 980 2288 membrum
1018 2247 1177 2305 aperte
1228 2241 1284 2289 ad
1322 2241 1596 2310 discordiam
1637 2255 1850 2289 sororum
1887 2248 2074 2305 spectat.
2152 2242 2439 2291 Constructio
2478 2259 2597 2291 ver-

318 2324 479 2371 borum
504 2324 714 2387 quamvis
737 2323 950 2372 inusitata
987 2325 1060 2382 sit,
1098 2323 1391 2386 corruptelae
1415 2330 1568 2371 tamen
1594 2324 1904 2385 suspicionem
1928 2338 2123 2371 movere
2149 2339 2241 2371 non
2269 2331 2432 2387 potest.
2484 2324 2600 2372 Nam

318 2412 485 2468 poetae
523 2404 668 2451 verba
706 2410 835 2463 sunt„
892 2418 1009 2466 quae
1046 2406 1427 2466 interpretamur„
1483 2418 1573 2451 non
1617 2405 1855 2467 scriptoris
1892 2405 2114 2453 orationis
2151 2404 2393 2468 pedestris.
2467 2404 2597 2454 Sub-

313 2489 486 2548 J'ectum
524 2487 729 2531 nimirum
780 2491 849 2531 est
885 2483 1070 2550 φύλοπις
1093 2483 1252 2550 διπλῆ,
1297 2487 1323 2531 i.
1362 2499 1402 2531 e.
1448 2485 1639 2551 φύλοπις
1683 2482 1849 2533 διπλῶν
1891 2484 2083 2545 τέκνων,
2141 2485 2369 2550 discordia
2407 2486 2599 2535 duarum

320 2568 525 2635 filiarum.
588 2568 659 2613 De
698 2567 782 2612 hac
816 2582 902 2626 ea,
958 2581 1074 2628 quae
1124 2573 1306 2628 poetam
1343 2567 1504 2627 decet,
1560 2567 1751 2613 audacia
1789 2567 2112 2630 praedicatur:
2169 2538 2342 2628 &ssd-⁹
2382 2567 2600 2621 ἐξισοῦται

319 2648 556 2712 φιλοτασίῳ
582 2647 738 2711 διαίτᾳ,
776 2652 801 2694 i.
836 2663 876 2694 c.
919 2661 1041 2708 „non
1072 2649 1169 2708 jam
1201 2654 1387 2694 sanatur
1409 2646 1478 2708 ²⁵)
1516 2647 1731 2695 familiari
1755 2648 2130 2695 consuetudine.“
2185 2650 2444 2696 Articulum
2468 2648 2524 2695 τὰ
2553 2652 2598 2697 in

319 2729 478 2777 verbis
502 2729 558 2775 τὰ
580 2727 689 2793 πρὸς
711 2729 877 2776 τέκνων
902 2743 987 2791 pro
1014 2730 1299 2787 accusativo„
1336 2743 1469 2791 quem
1492 2736 1665 2776 vocant
1694 2731 1993 2777 accuratioris
2019 2729 2312 2789 definitionis,
2340 2730 2599 2777 habendum

321 2826 426 2858 esse
461 2818 596 2874 patet.
671 2812 824 2873 Atque
856 2810 943 2857 hoc
969 2809 1147 2871 quidem
1174 2824 1267 2856 non
1302 2808 1419 2871 fugit
1444 2809 1735 2857 Wunderum
1762 2817 1808 2856 et
1834 2810 2259 2871 Schneidewinum„
2299 2826 2491 2874 quorum
2519 2811 2597 2858 ille

283 2971 287 2975 .
364 2947 423 2991 26)
447 2946 652 2980 Germanica
675 2947 794 2991 lingua
810 2948 923 2980 dicas:
951 2946 1039 2981 »der
1052 2944 1175 2981 Str-eit
1193 2944 1259 2981 der
1290 2944 1522 2982 Schwestern
1547 2947 1642 2982 mini
1665 2946 1770 2982 nicht
1792 2946 1897 2982 mehr
1926 2958 2011 2982 aus
2017 2959 2045 2994 9
2054 2959 2075 2982 e
2081 2959 2107 2995 9
2119 2946 2274 2983 lichen
2303 2947 2423 2983 durch
2445 2947 2600 2994 frenand-

316 3002 539 3050 schafilicloe
565 3002 1007 3052 Lebenaqemeinschas't.·

2295 3068 2320 3108 2
