2882 3662
839 224 964 292 ζῳης
1001 241 1072 289 μοι
1107 225 1385 290 καθύπερθεν

841 305 955 371 χειρὶ
989 305 1061 352 καὶ
1094 306 1278 369 πλούτῳ
1315 305 1537 357 τοσόνδ’
1576 306 1785 371 ὅχδρῶν,
1820 300 1956 352 80⁰ov

836 395 910 436 νῦν
949 386 1131 454 ὑπόχειρ
1166 388 1310 444 ναίεις.

420 471 470 516 ln
523 471 614 517 fine
667 474 883 520 carminis
933 472 1103 519 chorus
1153 488 1319 520 causas
1366 473 1513 520 denuo
1563 473 1911 534 complectitur„
1964 477 2155 533 propter
2202 485 2315 533 quas
2353 470 2570 520 Electrae

277 552 422 598 vitam
461 551 779 614 pulchriorem
819 559 970 616 optat„
1009 554 1070 599 ita
1107 559 1156 600 ut
1195 559 1336 600 totum
1373 567 1557 603 carmen
1595 551 1733 602 laude
1770 551 1991 601 Electrae
2028 551 2296 607 claudatur:

694 633 789 680 ἐπεί
825 632 862 682 α’
903 633 1129 698 ἐφεύρηκα
1166 634 1295 698 μοίρᾳ
1332 632 1404 698 μὲν
1443 634 1524 681 οὐκ
1557 632 1604 704 ἐν
1643 633 1788 698 ἐσθλᾷ

693 714 922 776 βεβῶσαν,
959 714 988 767 ἃ
1023 714 1071 762 δὲ
1108 714 1272 778 μέγιστ’
1314 715 1497 776 ἔβλαστε
1534 714 1720 777 νόμιμα,
1754 713 1896 762 τῶνδε
1932 714 2180 779 φερομίναν

698 795 851 861 ἄριστα
886 794 939 842 τὰ
975 792 1079 848 Διὸς
1116 796 1337 859 εὐσεβείᾳ.

278 874 332 931 ln
371 879 519 938 primo
560 894 704 926 versu
743 885 906 925 contra
944 878 1244 924 Laurentiani
1292 879 1469 941 quidem
1520 878 1694 925 codicis
1744 880 2092 939 auctoritatem,
2152 877 2235 926 sed
2282 880 2383 926 sine
2433 877 2570 925 dubio

277 964 410 1003 recte
450 974 513 1005 ex
550 960 788 1007 codicibus
827 959 1136 1006 deterioribus
1174 962 1388 1006 insertum
1429 967 1499 1007 est
1538 960 1614 1019 ἐν,
1652 959 1774 1022 quod
1811 965 2005 1006 metrum
2042 959 2229 1021 flagitat.
2302 958 2571 1007 Postremus

276 1045 429 1085 autem
469 1056 639 1088 versus
678 1040 977 1102 gravioribus
1014 1040 1292 1088 vulneribus
1327 1040 1522 1089 afflictus
1559 1047 1653 1100 est„
1693 1055 1829 1103 quam
1866 1055 1983 1102 quae
2020 1041 2117 1087 levi
2155 1040 2380 1086 medicina
2416 1041 2572 1088 sanari

274 1121 469 1181 possint.
548 1121 685 1179 Quod
726 1123 847 1168 enim
887 1122 1174 1175 recentiores
1214 1122 1413 1171 editores
1451 1124 1631 1170 variam
1670 1121 1918 1168 lectionem
1954 1138 2019 1185 γρ.
2057 1120 2111 1166 τὰ
2148 1119 2284 1185 ζηνὸς
2326 1124 2371 1167 in
2411 1121 2572 1168 codice

279 1198 592 1247 Laurentiano
641 1202 919 1265 adscriptam
969 1192 1114 1249 secuti
1163 1209 1414 1265 praeeunte
1451 1203 1662 1251 Pol-sono
1712 1203 1769 1251 ad
1811 1202 1924 1252 Eur.
1975 1201 2053 1249 Or.
2104 1202 2237 1250 1700
2289 1204 2574 1265 scripserunt

273 1280 427 1345 ἄριστα
462 1289 522 1345 τᾷ
550 1282 695 1347 Ζηνὸς
732 1282 963 1346 εὐσεβείᾳ,
1007 1282 1052 1331 id
1090 1290 1239 1331 metro
1267 1285 1445 1347 quidem
1484 1285 1707 1332 convenit
1742 1286 2110 1346 sententiamque
2147 1286 2295 1347 primo
2334 1283 2573 1331 oculorum

279 1361 438 1409 obtutu
476 1366 588 1411 satis
626 1363 794 1410 bonam
833 1363 1024 1411 exhibet
1057 1362 1166 1426 131),
1207 1366 1288 1413 sed
1326 1365 1672 1427 haudquaquam
1710 1364 1999 1427 probandum
2037 1370 2120 1413 est.
2158 1363 2258 1413 Etsi
2296 1365 2419 1411 enim
2443 1363 2575 1412 Jovis

281 1445 455 1490 mentio
493 1460 578 1508 per
622 1460 672 1493 se
711 1451 917 1508 spectata
956 1461 1042 1493 nos
1076 1461 1168 1493 non
1207 1446 1422 1505 offendit„
1479 1449 1647 1508 quippe
1698 1447 1829 1506 quus
1865 1445 2057 1492 fulmina
2095 1451 2231 1492 antea
2269 1445 2439 1493 chorus
2476 1447 2575 1507 ipse

280 1538 337 1570 eo
367 1523 472 1571 loco
501 1524 753 1573 obtestatus
778 1528 852 1585 sit,
891 1541 980 1589 quo
1009 1529 1228 1590 impietati
1261 1543 1457 1590 poenam
1484 1529 1725 1574 imminere
1752 1525 1884 1586 dixit„
1922 1525 2167 1574 admodum
2204 1525 2384 1573 lubrico
2421 1532 2575 1574 tamen

279 1603 583 1653 fundamento
624 1610 853 1654 correctio
892 1608 972 1654 illa
1011 1610 1181 1655 nititur.
1258 1608 1406 1666 Quum
1445 1610 1566 1657 enim
1604 1607 1752 1656 verba
1795 1605 1852 1653 τὰ
1886 1604 1977 1659 διὸς
2013 1614 2174 1670 aperte
2213 1613 2430 1670 corrupta
2467 1609 2574 1665 sint„

278 1688 483 1748 suspicio
521 1688 755 1746 nascitur,
801 1703 855 1733 ea
893 1689 1160 1752 explicandi
1200 1691 1345 1750 gratia
1384 1690 1442 1736 ad
1479 1688 1625 1738 verha
1663 1685 1845 1751 μέγιστα
1880 1688 2042 1752 νόμιμα
2077 1688 2308 1750 adscripta
2343 1702 2480 1747 esse,
2529 1693 2577 1733 ut

271 1765 412 1814 Jovis
450 1766 584 1828 leges
622 1772 853 1826 aeternas7
891 1783 1011 1830 quae
1049 1783 1223 1815 revera
1265 1769 1619 1847 intelligendae·
1635 1773 1768 1827 sunt„
1807 1767 1895 1815 dici
1933 1773 2193 1831 appareret.
2268 1767 2403 1825 Quod
2440 1769 2479 1815 si
2515 1769 2575 1813 ita

274 1853 377 1905 est„
415 1849 546 1893 varia
585 1848 724 1893 lectio
761 1847 816 1892 τὰ
853 1846 1000 1913 Ζηνὸς
1036 1863 1128 1895 non
1169 1864 1231 1895 ex
1271 1851 1457 1913 antiquo
1494 1848 1622 1897 fonte
1660 1848 1853 1909 hausta„
1891 1847 1975 1897 sed
2012 1847 2309 1910 glossematis
2346 1848 2576 1895 correctio

278 1931 471 1975 metrica
511 1944 617 1978 esse
655 1929 903 1978 videbitur.
948 1932 1018 1978 Ac
1054 1930 1269 1994 profecto
1309 1932 1509 1994 suspicio
1535 1930 1740 1978 firmatur
1767 1945 1843 1990 eo„
1882 1929 2003 1993 quod
2040 1929 2130 1977 hoc
2167 1929 2273 1976 loco
2312 1928 2456 1976 choro
2482 1943 2575 1975 non

283 2016 374 2057 tam
411 2012 558 2074 pietas
584 2010 804 2058 Electrae
844 2026 961 2072 erga
994 2011 1179 2071 Jovem„
1220 2027 1354 2075 quam
1393 2027 1510 2072 erga
1547 2018 1724 2075 patrem
1762 2009 2061 2073 comprobata
2086 2009 2313 2057 laudanda
2351 2007 2573 2068 erat¹³²).

277 2091 531 2138 Praeterea
569 2094 747 2151 nescio„
787 2107 875 2154 quo
910 2094 1015 2152 jure
1054 2096 1154 2155 quis
1196 2094 1340 2150 leyum
1369 2094 1571 2153 palmum
1608 2094 1815 2140 nancisci
1853 2091 1942 2138 dici
1979 2092 2149 2154 possit3
2186 2092 2419 2151 genitivus
2457 2092 2577 2137 enim

267 2170 439 2230 τῶνδε,
498 2175 537 2220 si
575 2173 716 2220 lectio
754 2188 870 2219 vera
909 2180 1062 2233 essetq
1112 2191 1212 2221 cum
1257 2174 1411 2240 ἄριστα
1447 2182 1572 2223 esset
1609 2173 1947 2222 construendus
1985 2170 2074 2234 (cf.
2113 2171 2217 2218 adn.
2258 2170 2402 2233 132).
2478 2171 2579 2218 Huc

275 2253 454 2299 accedit
490 2254 612 2315 quod
650 2268 748 2300 vox
787 2253 942 2317 ἄριστα
979 2256 1099 2317 apud
1138 2256 1424 2318 Sophoclem
1457 2255 1668 2302 adverbii
1704 2257 1810 2302 vice
1849 2253 2073 2313 fungitur„
2108 2253 2388 2314 principatus
2427 2258 2575 2298 autem

320 2435 399 2481 131)
426 2435 543 2471 Schol.
569 2434 673 2471 Laur-
710 2436 755 2471 ad
793 2449 825 2470 v.
864 2437 954 2473 1095
988 2433 1036 2473 ”A
1056 2435 1092 2472 δὲ
1118 2434 1231 2484 μέγιστ’
1260 2436 1395 2481 ἔβλαστε
1464 2449 1554 2486 crya
1574 2441 1786 2483 parentem,
1825 2435 2017 2470 observare
2041 2435 2186 2470 video.“
2246 2436 2380 2478 Quibus
2405 2435 2477 2468 fena
2500 2445 2575 2467 sen·

269 2492 412 2541 νόμιμαε
441 2489 489 2527 ’Ἃ
514 2491 550 2527 δὲ
575 2492 691 2541 φυσικὰ
716 2493 770 2529 καὶ
795 2494 924 2543 μέγιστα
947 2494 1066 2544 νόμιμα
1089 2493 1241 2539 ίβλαστε,
1277 2495 1396 2532 τούτων
1464 2497 1608 2532 tentiam
1633 2495 1797 2530 'triclinii
1819 2495 2002 2539 expressit,
2026 2494 2087 2538 qui
2108 2497 2144 2528 at
2166 2494 2244 2537 ipse
2266 2493 2419 2527 sensisse
2442 2492 2578 2526 videtur

271 2550 517 2599 ἀποφερομένην
534 2551 575 2585 τὰ
598 2551 719 2601 ἄριστα.
769 2554 929 2598 Ineptum
948 2565 1029 2588 vero
1055 2557 1118 2595 est,
1144 2555 1236 2598 quod
1261 2556 1298 2589 in
1323 2554 1395 2589 fine
1457 2555 1623 2599 pietatem
1643 2564 1725 2599 erga.
1739 2557 1874 2599 patrem
1887 2552 2147 2589 commemorari
2165 2551 2335 2587 debuisse.
2369 2550 2482 2585 Verba
2500 2548 2576 2592 ejus

269 2610 428 2650 ejusdem
465 2612 593 2642 scholii
632 2612 779 2654 legitur:
823 2612 1082 2660 προςφερομένην
1117 2624 1157 2660 τῃ
1185 2612 1329 2660 εὐσεβείᾳ
1352 2614 1395 2647 τὰ
1465 2616 1547 2646 sunt
1569 2613 1747 2656 adscripta
1768 2612 1814 2646 ad
1847 2622 1879 2644 v.
1907 2612 1997 2645 1096
2032 2620 2066 2655 Ρ.
2091 2609 2160 2645 876
2190 2608 2297 2643 Dind.
2352 2605 2454 2643 τῶνδε
2478 2617 2578 2656 φερο-

268 2664 399 2712 νόμιμα,
425 2665 490 2702 ἀνι-“·.
510 2673 578 2710 τοῦ,
602 2667 683 2713 μετὰ
701 2666 864 2712 εὐσεβείας
882 2670 1076 2716 πράττουσα.
1466 2670 1576 2738 μέναν]
1615 2669 1688 2717 ἦτοι
1722 2668 1900 2716 φερομένην
1923 2668 1959 2702 δὲ
1990 2668 2024 2702 ἂν
2046 2667 2091 2718 τῇ
2123 2666 2270 2714 εὐσεβείᾳ
2291 2672 2347 2701 τοῦ
2371 2667 2443 2703 Διὸς
2466 2664 2578 2714 &pm

319 2724 399 2770 132)
425 2723 478 2759 cf.
503 2736 534 2758 v.
561 2726 631 2760 ⁹68
679 2723 934 2770 εὐσεβειαν
970 2739 1018 2762 εκ
1052 2728 1278 2777 πατρὸςκ
1259 2728 1373 2773 zaim!
1465 2727 1520 2763 κὶα
1509 2725 1710 2795 ιιιρείττονα,
1735 2726 1820 2775 λέγω
1838 2724 2329 2776 δήτὸκήδοοδαιτοῦπατρός,
2347 2722 2578 2773 ἄρωτατῶνὸ·

269 2779 424 2821 δανὸντος
448 2781 536 2817 οἴσει.
561 2784 792 2825 Dubitatioui,
813 2795 916 2829 quam
930 2786 1075 2820 intexto
1088 2787 1226 2831 eposui,
1248 2786 1288 2822 G.
1304 2788 1392 2822 Her·
1465 2784 1519 2820 καὶ
1536 2784 1668 2830 τούτων,
1687 2784 1709 2820 ἃ,
1728 2784 1861 2835 μέγιστα
1877 2785 1996 2832 νόμιμα
2017 2782 2150 2829 ἔβλαστε
2167 2779 2241 2831 παρ’
2261 2780 2464 2833 ἀνδρόπαις·
2490 2780 2577 2816 πάν·

269 2851 418 2874 mannus
455 2843 610 2885 argutius
649 2854 752 2886 quam
791 2844 906 2877 verius
932 2844 1195 2888 interpretando
1220 2848 1390 2879 vocabulo
1463 2856 1528 2878 τιον
1562 2843 1626 2892 γὰρ
1661 2851 1727 2878 τῶν
1761 2842 1903 2913 νομίμων
1938 2842 1992 2877 καὶ
2027 2841 2157 2877 danim·
2192 2837 2278 2876 τοῦδ’
2303 2839 2338 2875 ὃν
2358 2844 2501 2889 κρεῖττον
2523 2838 2578 2873 καὶ

270 2895 382 2947 ἄριστα
406 2900 578 2935 occurrit:
615 2911 725 2945 „quae
749 2912 903 2935 summae
942 2905 1024 2938 sunt
1056 2902 1171 2948 legno,
1214 2914 1332 2939 earum
1356 2908 1390 2939 tc
1467 2902 1611 2951 μέγιστον
1646 2901 1738 2951 παρὰ
1773 2902 1902 2938 πάντων
1939 2899 2198 2949 ἀνακηρύττεται,
2234 2897 2386 2949 φροντίδα
2414 2895 2578 2932 ποιεῖσθαι

270 2955 376 3004 quod
413 2957 595 3004 optimum
634 2961 715 3000 est,
770 2963 1020 3004 consequutam
1055 2961 1159 2998 video
1198 2963 1391 2997 reverentia
1460 2959 1592 3010 πατρὸς,
1627 2956 1645 2994 ὃ
1669 2958 1745 2999 θεὸς
1769 2957 1964 3009 ἀποδέχεται
1985 2958 2039 2994 καὶ
2062 2956 2187 3003 εὐσεβὲς
2209 2954 2380 3007 λογίζεται.

268 3015 389 3056 Jovis,
425 3015 449 3048 i.
475 3027 504 3050 e.
541 3017 816 3052 sanctissimam
852 3016 1004 3053 illarum
1036 3017 1174 3067 quum,
1203 3020 1388 3067 pietatem
