2882 3662
284 252 377 297 vim
398 251 652 297 accusativi
678 249 839 296 verbis
864 249 1016 297 latinis
1045 251 1199 313 „quod
1220 254 1382 298 attinet
1406 252 1465 298 ad
1485 252 1710 312 liberos&
1734 253 1811 299 hic
1834 253 1995 301 verbis
2019 256 2302 316 germanicis
2320 255 2427 311 „die
2446 255 2575 313 Laoc

279 334 360 378 der
396 333 572 378 Kinder
607 331 892 388 anlemyerwl‘1
928 334 1192 395 expressit3
1231 340 1511 381 erraverunt
1547 340 1702 381 tamen
1737 336 1830 382 viri
1866 333 2006 395 docti,
2044 334 2166 398 quod
2202 334 2351 383 verba
2375 333 2432 383 τὰ
2465 335 2574 400 πρὸς

278 413 446 460 τέκνων
479 428 539 460 eo
566 428 707 461 sensu
730 413 848 459 dicta
876 418 1109 475 putarunt,
1136 416 1267 475 quasi
1297 415 1639 475 „conditionem
1664 414 1948 462 liberorum“
1982 415 2312 476 significarent.
2360 416 2572 464 Eundem

281 508 492 541 errorem
519 496 563 541 in
591 492 951 556 interpretandis
970 494 1139 557 prioris
1164 493 1359 543 membri
1382 493 1541 543 verbis
1565 493 1622 542 τὰ
1646 496 1696 544 ἐκ
1718 493 1864 560 δόμων
1890 496 2234 558 commiserunt,
2261 511 2379 561 quae
2400 502 2447 544 et
2472 498 2571 561 ipsa

281 576 632 640 haudquaquam
662 574 1004 637 „conditionem
1023 575 1216 623 domus“
1247 575 1512 638 significare
1537 583 1742 641 possunt.
1779 577 2003 626 Attractio
2028 580 2151 626 enim
2176 578 2273 639 illa,
2311 594 2399 641 qua
2434 577 2489 626 τὰ
2525 580 2576 628 ἐκ

280 656 427 721 δόμων
464 672 550 720 pro
586 655 641 703 τὰ
678 655 724 703 ἐν
761 654 908 719 δόμοις
943 662 1021 703 11111
1056 654 1113 702 τὰ
1147 654 1260 720 πρὸς
1294 656 1462 705 τέκνων
1488 673 1574 721 pro
1607 656 1662 706 τὰ
1698 667 1787 706 τῶν
1823 657 1987 706 τέκνων
2013 657 2101 706 dici
2137 666 2305 722 potest„
2343 659 2432 707 hoc
2468 659 2573 707 loco

282 739 410 786 nullo
437 745 590 802 pacto„
630 737 675 785 id
701 737 824 800 quod
850 736 1136 799 Hartungius
1159 735 1230 797 ²⁶)
1268 741 1527 788 rectissime
1564 741 1755 799 monuit„
1789 741 1924 788 statui
1948 741 2129 802 poterit.
2170 740 2288 790 Nam
2313 743 2439 788 notio
2465 756 2573 788 mo-

280 820 452 878 vendi„
487 836 575 882 qua
614 820 935 867 attractionem
972 818 1097 867 illam
1124 818 1227 868 aliis
1265 819 1380 869 locis
1404 822 1486 868 niti
1513 821 1755 880 videmus,
1793 837 1944 884 neque
1973 822 2103 870 adest
2138 838 2290 884 neque
2316 823 2410 869 ullo
2436 823 2572 869 modo

280 903 487 965 suppleri
524 907 703 964 potest„
742 902 781 947 si
818 900 1127 947 conditionem
1165 900 1418 948 liberorum
1457 909 1504 948 et
1547 902 1856 949 conditionem
1894 902 2055 951 domus
2092 904 2448 966 interpretamur
2487 902 2571 963 ²⁷).

281 984 383 1031 Nec
420 989 575 1029 tamen
613 988 866 1044 propterea
905 981 963 1028 de
1001 982 1383 1045 interpretatione
1421 983 1514 1030 loci
1554 983 1672 1030 adeo
1711 983 2050 1046 desperandum
2086 990 2185 1044 est7
2221 989 2270 1031 ut
2306 1000 2408 1031 cum
2445 984 2575 1032 Har-

280 1069 442 1126 tungio
481 1071 624 1110 totum
662 1064 814 1110 locum
852 1063 1130 1110 foedissimis
1170 1066 1450 1128 corruptelis
1488 1067 1768 1128 inquinatum
1807 1080 1912 1112 esse
1951 1080 2226 1113 censeamus
2258 1064 2342 1126 ²⁸).
2414 1066 2573 1113 Verba

281 1151 402 1195 enim
439 1146 493 1191 τὰ
526 1144 637 1211 πρὸς
660 1145 827 1190 τέκνων
854 1159 1047 1208 prorsus
1081 1151 1210 1191 recte
1250 1160 1302 1192 se
1339 1146 1527 1207 habent.
1566 1147 1810 1193 dummodo
1848 1161 1905 1193 ea
1946 1147 2285 1209 „conditionem
2312 1148 2575 1210 Agamem-

280 1230 446 1277 nonis“
478 1229 820 1292 interpreteriS‚
861 1233 1116 1290 „quatenus
1146 1241 1171 1272 a
1201 1227 1361 1276 liberis
1384 1229 1629 1293 pendeat.“
1690 1229 1837 1275 Plane
1867 1228 2032 1275 eodem
2058 1229 2193 1276 modo
2219 1229 2362 1276 Attici
2396 1229 2574 1277 dicunt:

274 1311 525 1375 Ἀθηναῖον
564 1307 673 1356 εἶναι
706 1308 777 1355 καὶ
812 1307 868 1353 τὰ
901 1306 1012 1372 πρὸς
1043 1306 1212 1372 πατρὸς
1243 1308 1314 1355 καὶ
1347 1308 1401 1355 τὰ
1433 1308 1544 1374 πρὸς
1579 1308 1745 1374 μητρός
1772 1306 1851 1370 ²⁹).

419 1392 470 1439 ln
508 1393 665 1454 priore
703 1391 844 1451 igitur
881 1387 1087 1436 membro
1123 1387 1179 1435 τὰ
1218 1389 1267 1436 ἐκ
1302 1388 1448 1454 δόμων
1487 1391 1683 1438 eandem
1720 1392 1947 1438 rationem
1985 1392 2129 1437 secuti
2166 1389 2575 1453 interpretabimur

284 1473 625 1536 „conditionem
662 1471 1061 1531 Agamemnonis„
1110 1476 1335 1531 quatenus
1373 1486 1400 1518 a
1442 1471 1576 1518 domo
1612 1470 1825 1534 pendet.“
1887 1469 2015 1517 Inter
2065 1470 2214 1518 verba
2250 1469 2306 1517 τὰ
2340 1469 2391 1517 ix
2426 1468 2574 1534 δόμων

279 1562 325 1602 et
359 1553 414 1599 τὰ
437 1550 547 1617 πρὸς
572 1553 737 1598 τέκνων
765 1551 810 1597 111
848 1557 1021 1596 tantum
1060 1550 1336 1598 discriminis
1373 1551 1642 1610 intercedit„
1680 1551 1802 1613 quod
1837 1553 1884 1596 in
1922 1551 2012 1598 illis
2051 1551 2270 1599 articulus
2293 1549 2349 1596 τὰ
2374 1565 2467 1598 11011
2505 1558 2577 1599 est

280 1637 591 1693 accusativus„
631 1633 713 1681 sed
739 1632 934 1693 subjecti
959 1632 1112 1678 locum
1138 1638 1282 1691 tenet,
1321 1634 1380 1678 ita
1407 1639 1453 1679 ut
1479 1633 1683 1679 conditio
1709 1632 2097 1693 Agamemnonis„
2136 1639 2359 1695 quatenus
2386 1648 2411 1679 a
2438 1632 2573 1679 domo

278 1717 509 1781 pendeat„
548 1717 649 1778 ipsa
689 1718 941 1774 aegrotare
979 1712 1171 1760 dicatur.
1243 1712 1344 1760 Jam
1381 1728 1501 1760 vero
1540 1714 1804 1775 quaeritur,
1843 1727 1933 1775 quo
1970 1711 2060 1759 hoc
2097 1727 2236 1761 sensu
2273 1712 2462 1760 dicatur.

419 1795 716 1854 Αο1’1111111111ᾖ
755 1795 832 1856 qui
856 1795 984 1856 prius
1018 1791 1272 1841 membrum
1307 1799 1354 1841 et
1383 1796 1547 1856 ipsum„
1586 1794 1700 1841 sicut
1734 1794 1982 1855 posterius„
2019 1792 2078 1840 ad
2101 1807 2273 1840 novum
2300 1792 2483 1856 aliquod
2521 1809 2576 1839 ac

278 1895 448 1927 recens
485 1878 655 1925 malum
693 1891 799 1923 esse
837 1874 1138 1922 referendum
1170 1877 1502 1922 existimarent.
1568 1875 1694 1920 Inter
1726 1874 1811 1921 bos
1843 1874 2089 1921 scholiasta
2115 1874 2450 1921 Laurentianus
2486 1880 2573 1932 est„

280 1965 356 2023 qui
380 1963 600 2007 laetitiam
626 1959 1048 2019 Clytaemnestrae,
1084 1972 1219 2016 quam
1251 1958 1330 2002 illa
1357 1958 1510 2002 audito
1536 1959 1696 2002 mortis
1723 1955 1903 2002 Orestis
1940 1958 2099 2001 nuntio
2126 1971 2272 2015 aegre
2308 1955 2575 2001 dissimula-

278 2049 434 2101 verat„
456 2041 714 2103 vituperari
740 2044 902 2085 censet
919 2035 1010 2096 ³⁰).
1048 2037 1269 2083 Attamen
1289 2035 1439 2084 verba
1463 2035 1517 2083 τὰ
1543 2035 1592 2082 ἐκ
1608 2033 1754 2099 δόμων
1780 2036 2019 2097 generalis
2039 2037 2239 2084 notionis
2264 2037 2465 2099 speciem
2485 2041 2577 2082 tam

279 2125 525 2188 perspicue
563 2136 678 2184 prae
717 2135 769 2168 se
820 2118 1005 2177 ferunt„
1060 2124 1107 2163 ut
1157 2117 1267 2164 facti
1312 2119 1430 2165 adeo
1480 2117 1696 2181 specialis
1742 2119 1869 2163 notio
1918 2119 1963 2163 in
2012 2119 2067 2165 iis
2122 2117 2270 2164 latere
2308 2130 2400 2163 non
2437 2130 2575 2179 posse

279 2205 507 2251 videatur.
565 2201 780 2258 Accedit„
820 2199 941 2261 quod
981 2199 1153 2244 laetitia
1175 2198 1576 2261 Clytaemnestrae
1613 2212 1691 2244 res
1718 2199 1878 2257 exigui
1903 2199 2123 2243 momenti
2160 2203 2256 2253 est;
2292 2199 2427 2258 parvi
2453 2198 2574 2242 enim

324 2352 384 2397 26)
410 2352 455 2385 ad
480 2363 511 2384 v.
533 2350 622 2384 1042
673 2346 802 2383 ‚Demi
819 2357 897 2382 mm
913 2342 989 2382 soll
1000 2343 1042 2380 τὰ
1057 2344 1113 2392 μὲν
1137 2343 1172 2379 ἐκ
1197 2342 1305 2391 δόμων
1325 2344 1396 2390 fiir

279 2410 319 2443 τὰ
346 2409 403 2456 μὲν
429 2408 461 2442 ἐν
487 2406 596 2454 δόμοις
622 2404 736 2450 (ohne
761 2402 898 2452 iryend
927 2403 1035 2439 einen
1060 2400 1204 2438 Anlass
1227 2412 1301 2437 zur
1322 2400 1394 2437 At-

280 2467 465 2510 traction)
484 2468 619 2514 qesaqt
635 2464 729 2504 sein,
755 2462 836 2498 und
849 2461 967 2498 dieses
981 2460 1118 2497 wieder
1137 2459 1208 2505 fiir
1223 2458 1255 2495 οἱ
1270 2459 1389 2509 δόμου

325 2525 385 2571 27)
410 2524 532 2558 Facile
564 2522 813 2569 perspicietur,
849 2532 893 2555 ne
928 2520 998 2554 loci
1031 2518 1171 2565 quidem
1205 2518 1395 2563 Sophoclei

280 2584 441 2629 (Philoct.
471 2582 595 2626 1075),
633 2592 735 2626 quem
762 2580 1047 2615 Schneidewinus
1073 2577 1278 2621 adscripsit,
1316 2588 1396 2610 con-

280 2644 449 2675 ditionem
474 2642 623 2673 similem
647 2650 741 2672 esse:
776 2637 864 2682 όμως
880 2636 914 2670 δὲ
939 2633 1054 2682 μείνατ’
1082 2634 1109 2667 εἰ
1132 2635 1234 2678 τούτῳ
1261 2633 1350 2668 δοκεῖ
1372 2635 1377 2677 Ι

279 2700 394 2749 χρόνον
420 2705 579 2741 τοσοῦτον,
605 2696 649 2736 είς
674 2696 747 2732 ’όσον
771 2695 820 2730 τά
843 2692 866 2730 τ’
892 2694 934 2729 ἐκ
958 2693 1060 2732 νεώς
1088 2695 1092 2735 Ι
1126 2692 1269 2727 στείλωσι
1284 2699 1398 2727 ναῦται

279 2758 332 2794 καὶ
368 2757 457 2797 θεοῖς
491 2754 674 2804 εὐξώμιθα.
722 2755 816 2789 Luce
845 2754 936 2788 enim
963 2753 1090 2787 clarius
1124 2756 1175 2787 est
1218 2751 1395 2785 notionem

279 2817 442 2851 movendi
467 2818 504 2850 in
521 2817 601 2860 ipso
620 2817 725 2850 verbo
742 2813 883 2849 στέλλειν
898 2813 1025 2853 inesse,
1051 2811 1144 2855 quod
1165 2811 1207 2844 de
1230 2810 1393 2855 erigendo

279 2879 371 2909 malo
398 2882 432 2909 et
456 2877 499 2909 de
523 2877 609 2909 velis
635 2874 831 2918 pandendis
857 2870 1122 2914 intelligendum
1147 2874 1210 2902 est.

324 2935 384 2984 28)
409 2935 626 2978 Hartungius
652 2933 800 2967 audacia
832 2943 903 2964 non
930 2929 1045 2962 minus
1071 2927 1267 2961 admirabili
1291 2938 1395 2971 quam

279 2985 493 3027 intolerabili
518 2992 680 3036 scripsit:
707 2990 753 3025 ’ότι
774 3002 843 3037 σφιν
859 2987 924 3037 ἤδη
949 2986 990 3021 τὰ
1016 2984 1074 3033 μὲν
1100 2984 1136 3019 ἐκ
1159 2983 1268 3034 δόμων
1292 2984 1395 3020 ὄλω-

279 3051 348 3085 λεν
373 3051 515 3093 τέκνα,
541 3050 641 3099 πρὸς
665 3049 708 3084 δ“ε
732 3056 810 3084 τῶν
836 3046 934 3095 διπλῆ
960 3048 1022 3080 ete.

1510 2345 1571 2387 29)
1598 2342 1650 2378 Cf.
1676 2345 1773 2378 Dem.
1799 2344 1877 2378 adv.
1902 2344 2108 2379 Eubulidem
2132 2346 2163 2386 ξ.
2191 2343 2231 2376 17
2267 2341 2371 2382 δεῖξαι
2387 2340 2467 2390 πρὸς
2491 2339 2574 2389 ὑμᾶς

1464 2401 1599 2449 ἐμαυτὸν
1617 2399 1798 2448 Ἀθηναῖον
1831 2400 1907 2436 ὄντα
1930 2400 1983 2436 καὶ
2014 2401 2055 2436 τὰ
2086 2399 2164 2450 πρὸς
2195 2398 2315 2447 πατρὸς
2346 2400 2398 2433 καὶ
2430 2398 2471 2434 τὰ
2494 2398 2573 2447 πρὸς

1466 2470 1592 2507 μητροῖ·

1511 2516 1569 2562 30)
1594 2517 1639 2550 ad
1663 2528 1694 2550 v.
1722 2517 1811 2551 1069
1844 2511 1951 2567 ὀνείδη
1984 2514 2038 2560 δὲ,
2068 2514 2109 2552 τὰ
2133 2514 2274 2563 πὶνθιμα
2307 2511 2412 2565 ὀνείδη
2429 2526 2437 2534 ·
2461 2513 2572 2564 ε’πειδὴ

1467 2574 1617 2614 ὄνειδος
1597 2588 1637 2624 ην
1660 2578 1700 2624 τῇ
1716 2573 1981 2623 Κλὺταιμνὴστρᾳ
2006 2574 2182 2624 ἐπιχαίρειν
2195 2572 2340 2624 Opici-q.
2365 2575 2410 2607 ad
2433 2585 2465 2606 v.
2485 2573 2575 2607 1070

1466 2633 1514 2666 ’ότι
1552 2632 1654 2680 σφίσιν
1684 2631 1772 2680 ἤδη·
1808 2631 1829 2679 ἡ
1868 2630 2020 2669 α’πότασις
2066 2634 2155 2702 πρὸς
2186 2632 2244 2681 τὴν
2274 2631 2575 2679 Κλυταιμνήστραν·

1467 2690 1614 2740 ἄγγειλον
1638 2688 1716 2733 οὖν,
1742 2690 1857 2738 φησὶν,
1893 2688 1940 2724 ὅτι
1969 2690 2010 2725 τὰ
2034 2688 2099 2726 κατ’
2126 2689 2212 2726 οἷκον
2246 2690 2412 2737 νενόσηκεν
2443 2687 2496 2723 καὶ
2520 2687 2578 2723 οὐκ

1466 2749 1546 2785 ἔστιν
1571 2747 1655 2800 ὑγιῆ.
1703 2749 1882 2783 Posterius
1907 2749 2068 2783 scholion
2093 2749 2124 2783 si
2148 2750 2191 2783 ab
2215 2750 2286 2783 alio
2307 2749 2499 2793 profectum
2525 2750 2577 2781 est

1464 2819 1505 2841 ac
1529 2809 1647 2851 prius,
1672 2807 1749 2841 ficri
1772 2811 1906 2851 potest,
1940 2811 1978 2840 ut
2001 2810 2121 2841 auctor
2153 2806 2229 2848 ejus
2253 2818 2324 2841 non
2349 2818 2426 2840 cum
2449 2807 2576 2850 prioris

1464 2867 1589 2900 30110111
1613 2870 1773 2906 auctore,
1807 2866 1869 2899 sed
1900 2877 1979 2899 cum
2004 2866 2177 2899 Triclinio
2210 2867 2440 2905 consenserit,
2477 2863 2579 2905 cujus

1466 2924 1784 2968 interpretationem
1809 2934 1889 2956 mox
1913 2925 2196 2958 commemorabo.
