2882 3662
1268 73 1606 121 -15-

305 216 496 277 borum,
534 214 679 279 qualis
714 216 759 260 iu
793 217 937 278 prima
972 220 1017 262 et
1052 215 1184 261 tertia
1220 213 1525 278 explicatione
1561 213 1831 262 scholiastae
1867 213 2149 262 Laurentiani
2176 212 2274 276 ⁴⁸).⁵
2310 217 2355 261 in
2391 213 2574 263 scholiis

305 295 633 345 recentioribus
654 292 749 356 ⁴⁴),
786 297 830 342 in
866 293 1243 360 explicationibus
1277 294 1477 342 Triclinii
1498 293 1567 355 ⁴⁵)
1582 330 1597 355 ,
1637 294 1690 343 G.
1729 294 1992 355 Hei-manni,
2031 295 2256 344 Wunderi
2292 296 2573 360 proponitur„

305 378 437 426 tantis
472 375 802 425 difficultatibus
842 376 1046 436 laborat„
1099 382 1149 423 ut
1196 373 1428 438 Sophocle
1461 374 1643 436 indigna
1682 373 1922 436 judicanda
1976 376 2044 423 sit.
2118 376 2242 434 Quas
2289 375 2575 423 difficultates

304 472 443 521 quum
479 455 855 507 Schneidewinus
892 463 939 505 et
973 456 1249 516 Hartungius
1286 457 1454 519 optime
1491 457 1816 519 exposuerint,
1855 457 1963 504 satis
1999 455 2145 504 habeo
2181 456 2329 505 verbo
2366 471 2574 515 monere„

305 553 397 599 me,
433 535 581 588 donec
615 537 888 599 inveniatur„
925 534 1050 601 quod
1079 535 1242 586 melius
1277 537 1350 598 sit,
1388 535 1574 598 Bergkii
1609 536 1851 585 lectionem
1881 534 2153 600 approbare„
2192 539 2267 601 qui
2303 536 2573 587 scholiastae

307 618 590 667 Laurentiani
626 617 869 666 secundam
904 617 1255 680 explicationem
1291 618 1365 677 (v.
1405 617 1503 665 adn.
1542 617 1635 677 43)
1674 623 1720 664 et
1745 616 1965 664 Dindorfii
1991 617 2421 681 Schneidewinique
2458 633 2577 665 con-

301 702 505 762 jecturas
540 704 685 746 metro
721 715 814 746 non
849 700 1176 747 convenientes
1212 707 1394 747 secutus
1430 701 1661 746 correxit:

985 778 1206 846 Ἠλέκτρα
1239 781 1460 847 πότμον
1495 780 1564 826 ἀεὶ
1584 778 1759 845 πατρὸς.

307 872 498 922 Ceteras
535 875 821 936 conjecturas
846 885 1030 934 omnes„
1068 875 1278 937 quoniam
1315 887 1340 921 a
1377 878 1545 922 mutato
1582 888 1747 924 versus
1783 874 1996 938 strophici
2034 878 2179 922 metro
2216 872 2574 936 proficiscuntur,

305 953 573 1017 rejiciendas
609 968 714 1004 esse
751 968 835 1017 per
872 968 922 1003 se
958 960 1082 1018 patet
1098 949 1178 1015 ⁴⁶).

446 1045 672 1105 Querelas
708 1045 891 1095 Electra
928 1046 1143 1096 lusciniae
1180 1048 1320 1096 instar
1355 1047 1548 1096 fundere
1587 1047 1773 1096 dicitur:

1060 1139 1163 1187 οὔτε
1187 1158 1228 1187 τι
1251 1147 1329 1187 τοῦ
1353 1140 1506 1188 θανεῖν
1530 1141 1764 1210 προμηθής

1058 1220 1109 1268 τό
1133 1238 1183 1268 τε
1209 1221 1268 1288 μὴ
1295 1222 1473 1285 βλέπειν
1500 1222 1619 1271 ἑτοί-

1059 1321 1145 1368 μα,
1182 1302 1361 1368 διδύμαν
1387 1304 1535 1352 ἑλοῦσ’
1556 1303 1686 1369 Ἔρι-

1063 1386 1154 1434 νὺν.

306 1464 379 1511 Ac
414 1466 578 1529 prioris
616 1464 796 1530 quidem
832 1464 1023 1512 membri
1058 1467 1365 1531 interpretatio
1412 1466 1652 1530 perspicua
1691 1470 1762 1512 est
1801 1491 1858 1497 ——
1900 1469 2092 1510 mortem
2135 1465 2253 1510 enim
2291 1477 2380 1510 non
2416 1477 2577 1509 curare

307 1546 493 1593 Electra
531 1546 690 1594 dicitur
718 1545 788 1607 ⁴⁷)
815 1572 870 1580 —
895 1581 909 1607 ,
966 1546 1021 1594 de
1066 1549 1334 1612 posterioris
1382 1552 1533 1593 autem
1581 1545 1770 1593 membri
1807 1547 2027 1594 sententia
2063 1546 2336 1608 interpretes
2373 1546 2489 1590 inter
2527 1558 2577 1591 se

306 1627 583 1674 dissentiunt.
656 1628 842 1675 Erravit
877 1635 1026 1674 autem
1063 1631 1161 1675 sine
1187 1628 1321 1675 dubio
1359 1628 1601 1676 scholiasta
1635 1628 1976 1686 Laurentianus„
2015 1628 2089 1688 qui
2126 1625 2270 1671 verba
2307 1626 2367 1692 μὴ
2401 1624 2577 1686 βλέπειν

304 1709 488 1771 proprie
521 1708 577 1756 de
603 1709 746 1758 oculis
766 1709 978 1756 Electrae
1004 1708 1269 1756 effodiendis
1296 1708 1411 1756 dicta
1435 1708 1615 1769 putabat
1645 1715 1690 1754 et
1716 1705 2095 1772 διδύμανἘρινῦν
2121 1713 2314 1753 mortem
2350 1713 2395 1752 et
2421 1706 2578 1752 oculos

307 1788 500 1837 effossos
526 1786 807 1848 intelligebat
827 1784 911 1847 ⁴⁸).
966 1786 1129 1850 Neque
1166 1788 1386 1835 minorem
1411 1802 1550 1851 porro
1587 1802 1792 1857 errorem
1829 1788 1942 1837 alius
1966 1787 2207 1836 scholiasta
2231 1788 2467 1846 commisit„
2507 1788 2581 1848 qui

305 1867 361 1915 ad
388 1867 447 1932 μὴ
475 1866 652 1929 βλέπειν
679 1867 918 1931 supplebat
943 1867 1105 1920 αὐτούς
1142 1867 1456 1932 duplicemque
1485 1867 1689 1930 Erinnyn
1715 1875 1884 1917 sortem
1909 1869 2269 1928 Agamemnonis
2295 1874 2341 1914 et
2366 1867 2578 1914 Electrae

350 2071 409 2116 43)
434 2072 550 2106 Schol.
574 2071 668 2105 Laur
699 2073 743 2105 ad
765 2073 918 2106 v.1075
960 2072 1022 2106 Τὸν
1046 2072 1096 2106 αεὶ
1119 2075 1260 2121 πατρόςε
1295 2073 1354 2107 Δι’
1355 2085 1409 2107 πει

305 2125 325 2175 ἡ
351 2139 444 2177 περι·
469 2126 542 2177 περὶ
565 2132 620 2164 τοῦ
644 2127 763 2178 πατρὸς
787 2126 989 2177 στενάχουσα,
1015 2127 1059 2169 ὡς
1081 2127 1116 2165 τὸ
1137 2127 1330 2180 Ὁμηρικόν·

352 2185 425 2219 Τῶν
439 2184 568 2220 πάντων
585 2184 622 2220 οὐ
637 2186 746 2221 τόσσον
762 2182 924 2253 ὀδύρομαι,
948 2184 1122 2235 ἀχνύμενός
1140 2198 1213 2237 περ,
1234 2187 1240 2233 1
1261 2186 1305 2228 ὼς
1329 2187 1405 2228 ἑνός.

305 2243 350 2277 Τὸ
374 2242 410 2277 δὲ
434 2242 533 2292 ἑξῆς·
569 2242 621 2278 ἀεὶ
643 2244 697 2278 τὸν
719 2249 774 2278 τοῦ
797 2245 918 2293 πατρὸς
941 2244 1036 2294 μόρον
1059 2246 1271 2295 στενάχουσα·

305 2301 374 2345 ἀεὶ,
400 2301 444 2341 εἰς
465 2300 520 2337 τὸν
546 2300 596 2336 ἀεὶ
619 2303 743 2351 χρόνον.

352 2359 410 2405 44)
436 2360 554 2395 Schol.
577 2371 643 2395 ree.
667 2372 702 2405 p,
726 2361 794 2395 269
816 2362 920 2396 Dind.
946 2362 1000 2397 τὸν
1023 2361 1084 2408 ἀεὶ]
1112 2362 1226 2413 χρόνον
1249 2362 1404 2412 δηλονότι.

352 2418 411 2462 45)
436 2417 582 2452 moun.
607 2420 652 2452 ad
675 2431 706 2452 v.
734 2420 823 2454 1075
846 2431 882 2463 p.
903 2421 970 2455 376
994 2422 1098 2455 Dina.
1121 2422 1176 2456 τὸν
1199 2420 1249 2456 ἀεὶ
1271 2422 1401 2471 πατρὸς]

304 2475 424 2525 θρῆνον
460 2474 586 2524 δηλάδη
618 2476 639 2527 ἢ
664 2478 757 2523 φόνον
771 2491 778 2499 ·
814 2478 849 2513 τὸ
888 2477 922 2513 δὲ
954 2478 1003 2514 ἀεὶ
1036 2479 1115 2528 πρός
1144 2479 1179 2514 τὸ
1212 2480 1406 2528 στενάχουσα

304 2533 486 2569 συναπτέον.

351 2591 410 2637 4⁶)
432 2591 544 2627 Lubet
566 2596 679 2627 tamen
703 2604 762 2627 eas
784 2595 823 2627 in
847 2605 965 2628 eorum
989 2606 1089 2629 usum
1117 2596 1319 2637 adscribere,
1345 2597 1404 2641 qui

304 2650 485 2684 historiam
508 2654 621 2685 textus
645 2652 683 2685 in
706 2652 855 2697 singulis
880 2654 966 2687 locis
982 2654 1154 2698 cognitam
1168 2654 1294 2688 habere
1311 2655 1404 2687 haud

303 2709 428 2743 inutile
447 2707 614 2750 judicant.
662 2710 890 2752 Conjecerunt
912 2715 1023 2746 autem
1047 2713 1217 2746 Hsathius
1252 2716 1286 2747 et
1308 2713 1403 2747 Mud-

305 2766 394 2810 gius,
418 2767 542 2834 quibus
568 2765 609 2800 G.
627 2766 790 2802 Wolffius
806 2771 841 2802 et
857 2769 1071 2814 Hartungius
1096 2770 1300 2813 adstipulati
1314 2772 1404 2810 sunt,

303 2819 460 2873 Ἠλατρα
493 2821 579 2859 οἶτον
614 2823 664 2860 ἀεὶ
687 2824 816 2876 πατρὸς.
873 2826 1032 2869 Oonjecit
1064 2838 1168 2871 porro
1201 2827 1404 2862 Dindorfius

302 2879 461 2932 Ἠλέκτρα
481 2882 536 2917 τὸν
561 2880 611 2916 ἀεὶ
634 2882 766 2950 πότμον,
792 2886 849 2919 cui
872 2884 1089 2927 conjecturae
1111 2889 1233 2930 postea
1263 2887 1405 2921 alteram

302 2936 459 2989 Ἠλέκτρα
495 2940 549 2974 τὸν
585 2942 637 2975 έὸν
672 2942 793 2989 πότμον
817 2945 1002 2977 substituit.
1050 2943 1278 2986 Gonjeoerunt
1308 2956 1406 2988 prae-

305 3000 399 3032 terea.
424 2997 706 3034 Schneidewinus
743 3000 765 3035 ά
788 3006 866 3040 παῖς
892 3001 1014 3048 πότμον
1049 2999 1099 3037 ἀεὶ
1129 3002 1261 3052 πατρὸς,
1306 3004 1408 3038 Hoff-

1307 2246 1406 2295 ἡτὸν

1476 2082 1621 2105 mannus
1647 2070 1697 2115 (in
1721 2072 1903 2104 annalibus
1927 2073 2188 2114 gymnasiorum
2203 2073 2463 2105 Ausim-incorum
2481 2072 2580 2110 1854,

1475 2142 1512 2174 p.
1539 2128 1619 2175 539)
1648 2125 1804 2178 Ἠλέκτρα
1828 2124 1889 2164 ¹t·6<5'
1916 2127 1965 2164 ἀεὶ
1989 2126 2121 2178 πατρὸς,
2157 2129 2335 2164 Buchholz
2371 2128 2421 2173 (in
2446 2129 2580 2163 annali-

1475 2188 1537 2222 bus
1561 2187 1661 2221 novis
1686 2186 1910 2232 philologieis
1935 2189 1969 2220 et
1991 2186 2235 2233 paedagogicis
2267 2187 2335 2221 vol.
2361 2185 2415 2228 76,
2440 2197 2474 2231 p.
2500 2186 2578 2232 343)

1472 2243 1610 2295 Ἠλὲιιτρ’
1636 2242 1733 2280 εὖτον’
1759 2244 1809 2279 ἀεὶ
1840 2245 1977 2294 πατρὸς,
2013 2247 2250 2280 Hamacherus
2279 2243 2435 2294 Ἠλέκτρα
2476 2245 2579 2290 βίοτον

1473 2317 1522 2339 πα
1559 2317 1603 2343 ος.

1519 2317 1577 2408 E)
1601 2362 1718 2398 Schol.
1742 2361 1844 2395 Laut.
1881 2362 1926 2395 ad
1948 2375 1980 2395 v.
2008 2362 2097 2398 1078
2133 2360 2206 2397 οὔτε
2229 2375 2258 2397 τι
2282 2367 2336 2396 τοῦ
2361 2361 2472 2397 θανεῖν

1475 2419 1597 2469 μηθής]
1647 2420 1802 2469 Πρόνοιαν
1837 2418 1893 2454 οὐκ
1929 2419 2047 2468 ἔχουσα
2069 2425 2124 2455 τοῦ
2150 2420 2194 2470 μὴ
2221 2418 2407 2463 ἀποθανεῖν,
2445 2419 2461 2453 6
2487 2418 2579 2462 ἐστιν,

1475 2477 1647 2525 ἀφειδοῦσα
1684 2484 1741 2527 τῆς
1777 2477 1857 2516 ἰδίας
1892 2476 1992 2526 τύχης
2030 2478 2118 2523 (lege
2152 2477 2276 2527 ψυχῆς,
2312 2479 2464 2521 respexit
2487 2479 2579 2512 enim

1474 2538 1577 2570 verba.
1600 2536 1655 2570 El.
1678 2548 1713 2569 v.
1736 2536 1819 2581 980)
1844 2535 1895 2570 καὶ
1923 2533 2187 2586 ριψοιιινδυνοῦσα.
2235 2535 2340 2569 Tricl.
2366 2536 2410 2568 ad
2434 2548 2466 2568 v.
2490 2536 2579 2570 1078

1474 2607 1509 2639 p.
1533 2594 1602 2629 376
1624 2595 1729 2628 Dind.
1753 2599 1808 2628 τοῦ
1832 2592 1958 2639 θανεῖν]
1997 2592 2063 2628 ἀντὶ
2098 2599 2153 2628 τοῦ
2178 2593 2380 2642 προμήθειαν
2404 2593 2456 2628 καὶ
2480 2605 2579 2641 φρον-

1473 2651 1545 2687 τὶὃα
1568 2650 1626 2686 οὐκ
1649 2651 1785 2700 ἔχουσα,
1809 2650 1907 2701 ἤγουν
1932 2650 1969 2685 οὐ
2003 2649 2209 2701 φροντίζουσα
2244 2649 2273 2685 εἰ
2305 2650 2514 2699 τεθνήξεται·
2551 2650 2579 2685 οἱ

1474 2710 1510 2745 δὲ
1533 2716 1588 2745 τοῦ
1614 2709 1659 2758 μὴ
1683 2709 1794 2744 θανεῖν
1817 2711 1991 2757 γράφοντες
2014 2708 2164 2755 ἀμαθεῖς.

1519 2768 1578 2814 48)
1604 2768 1719 2804 Schol.
1744 2767 1846 2801 Laur.
1870 2767 1916 2801 ad
1936 2767 2076 2801 v.1o7⁹
2100 2766 2145 2800 Τό
2168 2778 2202 2801 τε
2227 2766 2272 2817 μὴ
2297 2766 2426 2811 βλέπειν
2449 2765 2578 2813 ἑτοιμαι

2496 2374 2580 2410 'Epo-

1469 2826 1604 2876 Ἑτοὶμη
1628 2826 1680 2861 καὶ
1705 2832 1763 2876 τῆς
1787 2825 1894 2872 ὄψεως
1924 2823 2099 2874 στέρεσθαι,
2122 2825 2287 2869 τουτέστιν,
2323 2824 2581 2874 ἀποστερηθῆναι

1475 2893 1540 2920 τῶν
1563 2882 1735 2934 ὀμμάτων·
1762 2884 1830 2920 ἀντὶ
1852 2890 1926 2928 τοῦ,
1950 2883 2002 2919 καὶ
2030 2882 2206 2918 ἀποθανεῖν
2230 2883 2359 2932 ἑτοίμη,
2384 2883 2438 2918 καὶ
2466 2881 2518 2923 (ω
2530 2895 2579 2918 σα

1477 2942 1753 2983 κολάζεσθαι·
1778 2943 1945 2976 καὶτοῦτο
1968 2941 2054 2989 λέγει
2078 2940 2209 2988 ὃιδύμην
2231 2940 2364 2990 Ἐρινύν.
