2882 3662
1262 77 1323 84 -
1396 46 1596 96 23--

304 189 454 234 tamen
489 181 727 235 difficultas
775 184 820 233 in
854 182 1055 247 epitheto
1090 183 1242 239 κοινός.
1310 183 1479 236 Misera
1514 187 1633 235 enim
1666 188 1788 235 vitae
1836 203 1938 235 sors
1952 224 1968 245 7
2017 203 2149 248 quam
2186 184 2373 234 Electra
2409 182 2569 244 elegit,

298 281 389 315 non
425 270 593 329 potest,
610 265 851 313 commentia
881 282 985 316 sors
1021 267 1218 315 omnium
1253 264 1356 327 dici,
1394 274 1440 316 ut
1472 265 1732 316 Wunderus
1761 264 1831 327 ⁸⁹)
1868 274 1914 315 et
1948 265 2178 316 Nauckius
2205 264 2271 326 ⁹⁰)
2309 264 2426 314 bene
2462 280 2571 312 mo-

299 353 504 395 nuerunt.
577 346 766 395 Tantum
802 363 919 396 vero
956 346 1113 408 abest,
1149 354 1198 395 ut
1234 355 1479 411 propterea
1514 346 1655 396 αἰῶνα
1690 365 1792 396 cum
1829 346 2070 396 Wundero
2087 349 2301 395 ‘mortem
2336 349 2571 408 interpre-

297 426 475 475 tandam
512 443 617 476 esse
655 443 950 489 censeamus,
1006 443 1256 492 quanquam
1294 444 1463 478 revera
1498 429 1641 481 κοινός
1676 430 1866 478 solenne
1911 431 2068 477 mortis
2114 435 2160 476 et
2197 428 2305 476 Orci
2339 426 2570 491 epitheton

299 516 386 569 est,
424 515 472 557 ut
508 508 816 558 difficultatem
841 508 1121 559 emendando
1158 510 1489 573 expediendam
1525 525 1630 562 esse
1659 510 1944 560 arbitremur.
2007 510 2229 568 Quoniam
2266 511 2382 558 enim
2420 521 2570 571 neque

298 590 569 639 scholiastae
604 588 886 639 Laurentiani
909 588 998 651 ⁹¹J„
1036 592 1110 653 qui
1145 596 1413 655 perpetuam
1451 590 1682 657 (διηνεκῆ)
1720 592 1964 651 miseriam„
2002 603 2151 653 neque
2187 588 2459 639 Lachmanni
2480 585 2569 648 η),

300 673 375 735 qui
412 672 695 733 conjunctam
733 671 985 732 (σύνοικον)
1034 672 1286 733 intellexit,
1336 674 1731 737 interpretationes
1770 687 1871 720 cum
1907 687 1991 721 usu
2028 671 2240 733 adjectivi
2274 668 2416 721 κοινός
2450 683 2570 717 con-

300 754 480 812 cinunt„
518 751 791 800 vocabulum
826 751 967 799 κοινόν
1004 768 1087 815 pro
1124 759 1339 816 corrupto
1358 753 1603 802 habeamus
1638 768 1830 803 necesse
1865 760 1947 803 est.
2018 753 2087 800 Ac
2122 752 2164 800 N
2167 751 2355 801 auckius
2390 749 2571 812 quidem

299 834 405 882 satis
451 834 687 893 ingeniose
734 831 1012 896 Sophoclem
1076 836 1312 897 scripsisse
1360 836 1583 896 conjecit:
1642 834 1728 881 αἰῶ
1772 834 1977 881 σύνοικον.
2061 834 2235 880 Verum
2289 834 2375 880 etsi
2421 845 2570 893 neque

298 914 446 961 forma
482 917 726 962 accusativi
756 913 845 974 ⁹³)‚
882 930 1029 977 neque
1066 930 1174 962 usus
1211 916 1422 976 adjectivi
1457 916 1647 967 σύνοικος
1673 915 1743 975 ⁹⁴)
1779 931 1864 978 per
1900 931 1951 962 sc
1987 921 2214 978 spectatus
2251 930 2334 961 nos
2371 912 2571 970 offendit,

299 995 451 1042 dubito
489 1002 665 1052 tamen„
713 1011 819 1041 num
857 992 1113 1058 Sophocles
1160 999 1219 1042 ita
1257 999 1506 1059 scripturus
1543 996 1706 1055 fuerit„
1757 999 1921 1059 quippe
1967 997 2041 1058 qui
2089 998 2132 1041 in
2180 997 2318 1058 ipsius
2356 994 2569 1040 Electrae

271 1075 554 1123 'conditione
592 1075 882 1137 significanda
919 1076 1145 1139 adJectivo
1183 1077 1377 1131 ξύνοικος
1412 1078 1547 1142 plane
1582 1077 1671 1124 alio
1709 1093 1845 1125 sensu
1882 1092 1991 1125 usus
2017 1078 2086 1125 sit.
2160 1075 2567 1140 Clytaemnestram

298 1160 416 1204 enim
452 1157 672 1204 dicentem
709 1157 816 1205 fecit
852 1174 897 1206 v.
938 1159 1070 1207 784:

986 1239 1068 1307 ἥδε
1102 1240 1185 1306 γὰρ
1222 1241 1381 1305 μείζων
1419 1241 1564 1306 βλάβη

849 1321 1123 1375 ξύνοικος
1167 1323 1220 1389 ἦν
1259 1341 1353 1386 μοι,
1389 1323 1548 1387 τούμὸν
1587 1321 1801 1370 ἐκπίνουᾰ
1837 1322 1907 1368 ἀεί

849 1402 997 1469 ψυχῆς
1032 1402 1217 1468 ἄκρατον
1255 1402 1371 1468 αἷμα.

301 1482 431 1540 Quae
469 1484 617 1532 verba
655 1486 909 1549 respiciens
946 1484 1136 1533 Electra
1170 1486 1308 1549 paulo
1345 1494 1449 1549 post
1486 1488 1592 1534 dicit
1627 1502 1675 1533 v.
1712 1485 1844 1533 817:

844 1565 946 1612 ἀλλ’
973 1565 1066 1612 οὔτι
1090 1565 1177 1631 μὴν
1203 1565 1345 1631 ἔγωγε
1369 1575 1450 1615 τοῦ
1474 1568 1630 1614 λοιποῦ
1655 1567 1814 1630 χρόνου

853 1648 1009 1709 ἔσομαι
1045 1647 1334 1705 ξύνοικος,
1371 1647 1490 1694 ἀλλὰ
1512 1646 1621 1710 τῇδε
1644 1645 1752 1709 πρὸς
1774 1646 1893 1707 πύλῃ

849 1724 1016 1786 nupt-:50³
1045 1720 1239 1787 ἐμαυτὴν
1266 1721 1424 1787 ἄφιλος
1448 1723 1596 1770 αὖανῶ
1622 1722 1724 1785 βίον.

297 1804 417 1851 Num
457 1803 680 1851 credibile
719 1811 788 1851 est
824 1810 1036 1866 poetam„
1093 1806 1169 1866 qui
1205 1804 1323 1851 haec
1358 1807 1622 1868 scripserit,
1661 1811 1831 1852 sortem
1869 1806 2084 1851 miseram
2122 1802 2340 1849 Electrae
2376 1802 2570 1854 ξύνοικον

299 1884 522 1930 dicturum
573 1883 715 1931 fuisse
735 1884 759 1929 ⁴?
833 1883 1056 1945 Equidem
1093 1886 1242 1947 potius
1279 1885 1580 1943 crediderim„
1633 1885 1913 1948 Sophoclem
1951 1884 2009 1930 ob
2046 1898 2146 1929 eam
2186 1886 2328 1945 ipsam
2369 1897 2570 1936 causam,

301 1965 421 2026 quod
459 1964 647 2011 Electra
684 1966 730 2010 in
769 1964 931 2010 eadem
969 1964 1103 2011 domo
1142 1981 1243 2011 cum
1279 1973 1425 2013 matre
1463 1982 1514 2015 se
1551 1969 1692 2013 vitam
1730 1972 1934 2012 acturam
1970 1980 2074 2013 esse
2111 1971 2390 2025 negaverat..
2427 1963 2574 2010 foris-

297 2061 384 2107 que
429 2049 610 2093 versari
659 2048 983 2104 constituerat„
1037 2053 1238 2106 sortem„
1295 2062 1430 2110 quam
1467 2048 1653 2094 Electra
1701 2048 1940 2107 elegerat,
1995 2047 2169 2093 dixisse
2207 2045 2423 2091 ἄοικον.
2496 2046 2572 2091 Ad

297 2141 429 2189 quam
480 2129 793 2188 conjecturam
839 2127 1196 2174 confirmandam
1242 2142 1408 2176 moneo
1455 2136 1501 2176 et
1553 2128 1831 2177 vocabulum
1879 2128 2189 2190 Sophocleum
2237 2141 2341 2175 esse
2388 2126 2477 2187 ⁹⁵),
2528 2133 2573 2172 et

342 2275 400 2319 89)
425 2276 469 2308 ad
493 2288 524 2308 v.
546 2276 634 2309 1088
687 2275 822 2316 „Unum
845 2276 912 2308 hoc
944 2276 1082 2319 adjici0‚
1120 2278 1151 2309 si
1183 2275 1261 2311 αἰών
1295 2278 1400 2310 vita-m

295 2334 353 2366 hio
376 2333 597 2377 significaret,
621 2334 876 2376 ineptissimum
899 2335 974 2367 fore
998 2335 1151 2368 additum
1173 2333 1311 2369 κοινόν.“

342 2391 404 2438 90)
429 2392 473 2426 ad
496 2404 529 2426 v.
556 2392 646 2428 1085
670 2402 720 2437 sq.
783 2392 873 2435 „Der
907 2391 1108 2440 πάγκλαυτος
1143 2391 1221 2428 αἰών
1252 2391 1319 2430 der
1338 2390 1403 2430 El.

1471 2281 1606 2322 cuntur,
1630 2278 1738 2310 veluti
1762 2278 1800 2310 in
1825 2277 1909 2311 Oed.
1944 2275 1984 2308 B.
2016 2276 2107 2309 1206
2153 2275 2200 2313 τίς
2235 2275 2324 2312 ἄταις
2360 2274 2495 2323 ἀγρίαις,
2530 2273 2576 2311 τίς

1471 2335 1504 2368 ὲν
1528 2334 1634 2373 πόνοις
1653 2335 1660 2379 Ι
1681 2334 1871 2373 ξύνοικος
1907 2333 2036 2379 ἀλλαγᾷ
2059 2332 2151 2376 βίους
2191 2334 2252 2366 sed
2288 2334 2392 2366 etiam
2416 2334 2575 2366 miseriae

1472 2405 1549 2428 cum
1572 2393 1780 2434 hominibus,
1817 2392 1925 2427 veluti
1948 2392 1985 2426 in
2010 2391 2095 2427 Oed.
2130 2390 2204 2426 Col.
2239 2392 2327 2425 1333
2390 2389 2417 2439 ᾦ
2448 2389 2495 2431 τίς
2519 2389 2578 2427 οὐκ

297 2449 351 2495 (d.
369 2448 406 2487 Ῐι.
431 2448 500 2485 das
524 2449 691 2498 trauriqe
716 2449 833 2492 Loos,
858 2449 926 2486 das
948 2450 1001 2486 sie
1023 2450 1104 2487 siclt
1127 2449 1283 2487 erkonm
1298 2450 1401 2497 1ιαί,)

297 2508 400 2543 kann
422 2507 632 2556 mmoqlich
656 2507 714 2543 als
737 2508 797 2543 ein
819 2507 1040 2556 Gemeinqut
1063 2508 1173 2545 Aller
1194 2509 1404 2545 bezeichnet

297 2566 442 2602 werden
455 2592 467 2607 ,
508 2566 577 2601 mie
611 2578 650 2601 es
673 2565 791 2601 durch
826 2566 927 2605 κοινὸς
957 2566 1157 2615 geschicht.
1215 2566 1403 2604 Viellen'cht

296 2624 345 2659 ist
368 2635 418 2660 zu
443 2622 540 2659 lesen
564 2622 766 2671 πάγκλαυτον
790 2622 851 2659 αἰῶ
877 2623 1015 2658 σύνοικον
1038 2624 1160 2659 ιῖλου.“

345 2680 405 2728 91)
430 2681 475 2716 ad
497 2693 529 2715 v.
556 2681 647 2717 1084
681 2678 783 2716 κοινὸν
807 2679 853 2724 δέ,
891 2679 1019 2729 διηνικῆ
1044 2680 1098 2717 καὶ
1120 2682 1221 2718 κοινὸν
1244 2682 1297 2718 ἐπὶ
1319 2696 1404 2719 παν-

344 2799 402 2845 92)
427 2799 471 2833 dc
495 2798 586 2833 chor.
612 2802 750 2842 system.
782 2810 817 2843 p.
845 2799 922 2833 15⁹.

346 2858 405 2903 93)
429 2857 485 2892 Ad
510 2855 653 2891 formam
677 2857 837 2893 tuendam
870 2858 1046 2893 Nauckins
1071 2859 1256 2904 adscripsit
1277 2860 1401 2895 Aesch.

298 2916 452 2960 Chocph.
477 2916 556 2951 350.
604 2917 684 2950 Eur.
708 2916 839 2951 Phoen.
867 2917 964 2952 1520.

346 2975 406 3016 ⁹4)
431 2974 510 3008 Non
546 2976 659 3009 solum
691 2976 847 3010 homines
883 2986 959 3009 oum
991 2976 1138 3010 miseriis
1175 2978 1327 3012 habitare
1351 2978 1404 3011 di·

1472 2451 1516 2486 ὲνὶ
1536 2453 1542 2496 l
1562 2449 1653 2499 κηλὶς
1675 2458 1783 2486 κακῶν
1806 2449 2046 2493 ξύνοικος;
2086 2449 2231 2489 Ξὺνουιος
2255 2450 2347 2484 idem
2371 2451 2443 2485 fere
2469 2451 2576 2497 signi·

1471 2510 1552 2543 ficet
1588 2521 1630 2543 ac
1667 2509 1837 2551 ξυνών,
1874 2510 1916 2541 de
1953 2519 2022 2553 quo
2048 2510 2092 2541 cf.
2118 2509 2173 2550 Aj.
2199 2509 2267 2541 338
2325 2513 2393 2547 τοῖς
2428 2508 2558 2552 πάλαιΙ

1471 2566 1627 2615 νοσήμασι
1662 2566 1854 2606 ξυνοῦσι
1890 2565 2062 2600 λυπεῖσθαι
2098 2565 2220 2615 παρών.
2270 2567 2356 2600 Oed.
2395 2566 2470 2600 001.
2507 2568 2576 2600 ⁹4⁶

1472 2625 1537 2671 ὅτῳ
1561 2624 1660 2672 γάμοι
1690 2626 1697 2668 Ι
1731 2622 1952 2664 Ευνόντις
1976 2623 2152 2672 copiamve
2176 2623 2295 2658 ἀνόσιοι
2316 2624 2442 2659 τέκνων.
2490 2625 2576 2658 [bid.

1475 2683 1519 2718 76
1554 2681 1694 2733 στέργοιν
1716 2682 1778 2732 γὰρ
1798 2681 1830 2717 αἱ
1853 2680 1958 2717 πάθοι
1982 2693 2020 2729 με
2052 2680 2102 2729 χὼ
2126 2680 2239 2731 χρόνος
2263 2680 2412 2722 ξυνὼν
2432 2682 2437 2726 Ι
2460 2681 2578 2732 μακρὸς

1473 2740 1623 2777 &odont-

1517 2800 1576 2846 95)
1601 2800 1726 2835 Trach.
1750 2802 1819 2835 288
1866 2801 1936 2850 ἐμοὶ
1958 2801 2021 2848 γὰρ
2044 2799 2146 2839 οἶκτος
2169 2798 2269 2839 δεινος
2293 2799 2411 2846 tietb),
2430 2800 2532 2846 φίλαι,
2552 2802 2558 2843 Ι

1472 2857 1589 2899 ταύτας
1625 2858 1731 2909 ὁρώσῃ
1770 2858 1961 2907 δυςιοοηιως
1996 2858 2049 2894 ὀπὶ
2081 2857 2173 2902 Εένης
2205 2859 2210 2903 Ι
2238 2857 2348 2907 χὼρας
2386 2858 2578 2898 ἀοίκους

1473 2917 1638 2967 ἀπάτορας
1659 2915 1684 2952 τ’
1709 2917 1900 2965 ‹ilc-pivone.
