2882 3662
1274 99 1570 144 ,5-

285 239 457 298 Quodsi
493 240 633 301 igitur
667 240 970 301 interrogatio
1006 238 1368 301 indignationem
1411 237 1540 284 chori
1582 253 1694 303 prae
1742 251 1793 285 se
1847 237 1966 293 fert,
2021 253 2114 286 non
2170 245 2321 303 potest
2374 253 2465 285 non
2515 241 2560 286 in

283 321 676 384 Chrysothemidis
708 322 1092 384 vituperationem
1136 321 1295 381 accipi.

420 400 841 463 Interrogationem
876 404 1114 465 excipiunt
1148 400 1327 448 verba:

1041 481 1142 529 ἀλλ’
1169 482 1222 529 οὐ
1248 481 1308 546 μὰ
1331 480 1410 528 τὰν
1435 481 1537 534 Διὸς
1561 482 1784 547 ἀστραπὰν

1176 562 1248 609 καὶ
1270 561 1350 610 τὰν
1376 563 1578 628 οὖρανίαν
1602 562 1731 627 θέμιν

1174 641 1303 708 δαρὸν
1329 643 1410 690 οὔκ
1433 644 1654 710 ἀπόνητοι.

283 725 487 783 Quorum
524 725 776 773 verborum
813 727 1238 789 interpretationem
1266 725 1322 773 ab
1360 727 1738 789 interpretatione
1764 728 2140 788 interrogationis
2176 726 2382 789 pendere
2419 738 2556 771 nemo

283 813 354 857 est
402 808 509 870 quin
545 807 728 867 videat„
774 822 910 869 quum
957 809 1341 871 vituperationem
1379 807 1775 871 Chrysothemidis
1830 823 1923 855 non
1960 807 2121 855 eadem
2159 809 2386 855 sententia
2423 808 2554 869 sequi

279 891 424 952 possit
457 904 512 935 ac
539 888 721 935 laudem
746 887 964 935 Electrae
985 889 1065 935 vel
1090 890 1479 951 vituperationem
1504 887 1916 951 Clytaemnestrae.
1964 886 2093 944 Quae
2126 895 2275 934 autem
2301 886 2554 934 verborum

283 971 633 1029 sententia-sit5
688 968 971 1029 videbimus„
1026 973 1065 1019 si
1107 970 1165 1017 de
1211 970 1410 1017 lectione
1455 973 1588 1033 primi
1635 986 1803 1018 versus
1838 972 2161 1017 monuerimus.
2232 970 2394 1032 Neque
2432 972 2554 1015 enim

281 1050 568 1114 probandum
606 1058 693 1111 est„
731 1051 851 1114 quod
889 1052 1092 1100 editores
1120 1053 1407 1099 recentiores
1442 1059 1631 1115 praeter
1655 1051 1909 1112 Bergkium
1945 1066 2107 1098 omnes
2144 1050 2205 1096 ibi
2242 1051 2457 1097 voculam
2494 1052 2555 1114 μά

280 1134 550 1191 omiserunt,
589 1147 847 1194 quanquam
873 1135 1142 1180 auctoritate
1177 1133 1350 1181 codicis
1373 1133 1668 1180 Laurentiani
1693 1132 1892 1179 fulcitur.
1929 1131 2153 1179 Nimirum
2179 1131 2328 1193 decipi
2354 1146 2405 1179 se
2430 1133 2555 1193 passi

280 1218 384 1260 sunt
421 1227 447 1259 a
484 1212 731 1270 Triclinio„
770 1214 845 1275 qui
881 1219 1070 1277 propter
1103 1219 1296 1260 metrum
1332 1228 1500 1261 versus
1537 1212 1883 1276 antistrophiei:

1097 1293 1319 1360 Ἠλέκτρα
1341 1292 1416 1342 τὸν
1454 1293 1524 1341 ἀεὶ
1545 1294 1711 1359 πατρός

281 1376 498 1423 voculam
519 1376 645 1423 illam
670 1377 942 1438 ejiciendam
967 1379 1144 1440 putavit
1170 1384 1217 1424 et
1244 1377 1303 1425 de
1328 1378 1497 1425 omissa
1526 1379 1572 1423 in
1599 1375 1978 1425 obtestationibus
2011 1375 2233 1439 particula
2259 1375 2318 1438 μά
2343 1375 2399 1422 ad
2425 1391 2554 1423 usum

279 1456 539 1504 Atticorum
575 1459 854 1521 provocavit
882 1457 940 1520 ⁶).
994 1457 1203 1509 Potuisse
1239 1458 1381 1507 omitti
1419 1457 1480 1523 μά
1513 1457 1783 1522 particulam
1830 1472 1893 1505 ex
1929 1471 2014 1505 usu
2038 1456 2294 1504 Atticorum
2333 1462 2379 1504 et
2414 1458 2555 1520 ipsius

281 1538 528 1601 Sophoclis
556 1538 602 1599 ⁰)
642 1539 840 1586 libenter
875 1540 1113 1600 concedo„
1162 1539 1376 1588 debuisse
1424 1554 1518 1586 non
1564 1542 1684 1586 item.
1758 1539 1902 1586 Immo
1939 1540 2195 1586 rectissime
2231 1537 2459 1599 Bergkius
2497 1539 2557 1602 μά

280 1620 499 1677 restituit„
538 1622 661 1681 quia,
699 1635 835 1682 quum
870 1635 1038 1668 versus
1076 1620 1431 1683 antistrophicus
1467 1627 1627 1682 aperte
1665 1626 1907 1682 corruptus
1944 1623 2001 1667 sit
2018 1654 2032 1677 .‚
2071 1633 2185 1665 sana
2223 1621 2332 1665 artis
2369 1622 2557 1665 criticae

280 1700 397 1745 ratio
434 1714 492 1747 eo
529 1702 678 1759 potius
703 1716 790 1748 nos
815 1701 953 1756 ducit,
989 1707 1039 1748 ut
1073 1703 1119 1747 in
1156 1701 1483 1759 antistrophico
1514 1715 1659 1747 versu
1695 1698 1925 1758 syllabam
1962 1699 2199 1753 addamuS„
2237 1714 2373 1756 quam
2410 1706 2457 1745 ut
2493 1715 2555 1746 ex

280 1777 513 1839 strophico
551 1775 779 1839 syllabam
816 1776 1122 1824 detrahamus.

415 1856 513 1902 Jam
551 1871 669 1903 vero
707 1859 958 1919 quaeritur,
997 1859 1072 1920 qui
1108 1860 1198 1905 sint
1234 1860 1296 1917 ei7
1334 1861 1410 1921 qui
1445 1873 1537 1905 non
1575 1857 1650 1904 diu
1685 1859 1785 1905 sine
1822 1856 1953 1903 malis
1990 1870 2095 1903 esse
2130 1855 2352 1903 dicantur.
2404 1857 2554 1918 Major

280 1952 498 1986 numerus
534 1940 834 2001 interpretum
870 1938 1146 2000 Aegisthum
1182 1946 1228 1987 et
1263 1939 1676 2003 Clytaemnestram
1710 1936 1962 1999 significari
1997 1943 2134 2000 putat.
2214 1938 2288 1984 Ac
2324 1938 2554 2001 profecto„

281 2022 320 2068 si
337 2018 710 2083 Clytaemnestra
734 2022 1099 2082 interrogatione
1118 2022 1476 2085 vituperaretur,
1496 2036 1582 2085 per
1607 2022 1934 2082 grammaticae
1959 2018 2093 2080 leges
2118 2020 2218 2066 sine
2245 2018 2380 2067 dubio
2402 2020 2552 2068 locum

283 2104 343 2148 ita
379 2102 675 2164 interpretari
711 2101 887 2148 liceret.
943 2101 1045 2149 Nec
1081 2102 1356 2151 scholiastae
1380 2101 1689 2149 Laurentiano
1714 2101 1800 2160 illi„
1837 2103 1912 2163 qui
1936 2115 2109 2147 revera
2136 2099 2554 2163 Clytaemnestram

281 2183 535 2243 vituperari
571 2181 863 2229 existimabat
887 2181 1017 2242 (adn.
1044 2181 1122 2242 2),
1160 2197 1445 2246 magnopere
1482 2184 1595 2229 vitio
1631 2184 1754 2230 verti
1778 2180 1934 2240 debet„
1973 2181 2094 2243 quod
2119 2181 2269 2227 locum
2306 2185 2367 2228 ita
2404 2184 2557 2228 inter-

281 2268 486 2325 pretatus
524 2268 595 2310 est
620 2260 678 2322 ⁷).
751 2262 990 2312 Transitus
1024 2265 1143 2311 enim
1182 2279 1208 2310 a
1234 2262 1603 2327 Clytaemnestra
1641 2263 1699 2310 ad
1723 2262 2139 2327 Clytaemnestram
2178 2269 2224 2309 et
2259 2263 2554 2324 Aegisthum„

285 2345 422 2390 etiam
458 2358 551 2390 non
589 2345 872 2403 nominatosq
922 2346 1031 2392 satis
1076 2344 1227 2393 facilis
1263 2351 1415 2404 esset,
1471 2358 1560 2391 nec
1596 2344 1899 2394 offensionem
1935 2341 2131 2390 haberet
2174 2344 2341 2391 omissa
2389 2345 2553 2408 copula

282 2423 467 2471 ἔσονται.
538 2423 681 2486 Atqui
717 2426 1083 2486 interrogatione
1129 2440 1221 2472 non
1258 2428 1546 2489 vituperatur
1583 2424 1983 2489 Clytaemnestra3
2038 2438 2155 2485 ergo
2191 2422 2553 2485 fundamentum„

283 2519 373 2567 quo
410 2505 512 2553 solo
548 2506 865 2568 interpretatio
897 2505 978 2552 illa
1022 2507 1202 2578 nititur,
1258 2506 1469 2553 concidit.
1542 2504 1672 2563 Quae
1708 2520 1844 2569 quum
1881 2507 1942 2552 ita
1979 2505 2095 2564 sint„
2150 2518 2207 2551 eo
2241 2506 2418 2566 majore
2449 2508 2555 2568 jure

282 2586 472 2648 reliquis
508 2584 862 2649 interpretibus,
907 2588 983 2649 qui
1020 2586 1202 2650 quidem
1238 2586 1512 2649 Aegisthum
1558 2593 1606 2635 et
1637 2586 2055 2651 Clytaemnestram
2091 2584 2343 2646 significari
2381 2594 2554 2650 putant,

332 2789 367 2835 5)
392 2791 437 2824 ad
461 2802 492 2823 v.
521 2792 611 2825 1063
633 2803 669 2835 p.
694 2792 763 2826 375
786 2791 892 2825 Dind.
925 2789 962 2826 οὗ
992 2791 1057 2842 χρὴ
1088 2791 1124 2826 τὸ
1149 2791 1195 2841 μὰ
1218 2790 1305 2831 ἐντὸς
1327 2797 1382 2827 τοῦ
1500 2793 1535 2839 6)
1559 2792 1871 2827 cf.Oed.R.eso.
1897 2795 1996 2827 1088.
2021 2797 2101 2828 Ant.
2128 2794 2404 2828 758.E1.103⁹.
2430 2793 2557 2827 Contra

280 2846 1383 2901 κώλωγρᾶφαν.πρωσὸνγάρὶση.ὃιὸκαὶίξιβλὴὓηπαρ’
1453 2850 1490 2886 οὐ
1526 2851 1981 2900 patinveniturELaes
2036 2850 2106 2887 ἀλλ’
2147 2852 2184 2887 οὑ
2218 2852 2353 2901 μὰιην
2389 2851 2556 2887 δέσποιναν

282 2905 384 2952 ἐμοῦ.
415 2910 500 2941 νοιῖν
531 2904 567 2941 δὲ
589 2906 654 2958 χρὴ
687 2911 781 2942 τοῦτο
812 2906 935 2948 {eosdm
967 2905 1120 2946 α’παῶς·
1151 2906 1238 2943 οὗτοι
1259 2907 1385 2959 γὰρού
1449 2906 1611 2959 Ἄρτεμιν,
1634 2908 1799 2960 epam!
1825 2907 1909 2945 τοῦδ’
1924 2908 2138 2954 οὐιάλυξιις,
2163 2907 2555 2960 οὔτ’ἂνΑἷγισθοςμόλῃ.

285 2962 1386 3012 μόνοντὸμὰλαμβάνωοινῑξωθιν,ὼςτὸώτὰν,ἀλλὰκαὶ
1500 2966 1997 3013 7)·ᾱν.1065α’ντὶτοῡοὸκ
2013 2967 2148 3004 imm
2166 2965 2557 3019 ἰσοναιιάθῷοιοὶπφὶ

281 3020 1202 3073 τὸμὰτιὸἇνπςτὸτοῦῦοοῦπαραλεὶπωανῦνψα.
1456 3023 1996 3077 Αἷγιοθονκαὲκλιηαιμνὴπραν.
