2882 3662
1256 143 1626 192 ·-25—-

316 301 469 351 neque
492 300 691 351 unquam
716 298 988 349 quemquam
1015 283 1204 347 „hostes
1229 282 1439 330 armare“
1467 281 1755 345 provocandi
1790 281 1846 329 ad
1875 280 2210 329 dimicationem
2237 296 2377 331 sensu
2405 282 2597 341 dixisse„

315 382 467 431 neque
504 382 532 415 e
567 382 622 415 re
657 358 877 415 Electrae
914 364 1059 414 fuisse
1094 364 1251 413 hostes
1289 364 1458 411 armari
1495 361 1550 409 ad
1577 360 1912 410 dimicationem
1950 369 2246 424 provocatos.
2317 361 2437 410 Fore
2475 365 2598 409 enim

317 454 367 497 ut
402 447 560 497 hostes
596 449 810 496 vinceret
841 460 1033 510 sperare
1070 460 1165 493 non
1202 447 1374 509 potuit„
1422 444 1511 492 nisi
1554 444 1744 489 inermes
1789 457 1872 491 eos
1910 442 2264 505 aggrederetur.
2338 443 2597 493 Scholiasta

315 544 458 593 porro
476 532 627 578 minor
644 526 696 576 τὸ
721 528 781 595 μὴ
814 526 951 576 καλὸν
974 529 1253 591 impietatem
1272 540 1388 588 erga
1409 526 1811 587 Agamemnonem
1830 525 2118 574 intellexisse
2137 525 2322 574 videtur
2346 524 2454 587 100),
2482 541 2598 589 quae

315 612 633 674 interpretatio
667 615 828 672 aperte
851 608 969 657 falsa
994 614 1082 667 est,
1119 610 1330 670 quoniam
1357 621 1510 669 neque
1533 606 1837 653 καθοπλίσασα
1870 622 2008 655 sensu
2045 607 2181 654 medii
2217 606 2597 671 καθωπλισαμὲνη,

314 706 465 754 neque
502 687 553 736 τὸ
590 687 650 754 μὴ
687 688 821 737 καλὸν
860 704 945 751 pro
981 687 1092 752 πρὸς
1121 686 1173 735 τὸ
1199 688 1259 754 μὴ
1282 686 1418 735 καλὸν
1447 687 1535 733 dici
1570 682 1727 749 potuit.
1785 686 1891 748 Ego
1929 690 2028 750 ipse
2053 688 2316 750 aliquando,
2355 694 2595 750 antequam

314 772 467 819 locum
505 776 769 833 corruptum
805 784 912 817 esse
948 769 1057 816 mihi
1093 771 1330 832 persuasi„
1367 771 1414 815 in
1451 782 1552 815 eam
1588 770 1862 815 sententiam
1898 768 2166 828 incideram„
2204 776 2252 815 nt
2286 766 2336 814 τὸ
2374 767 2434 833 μὴ
2459 768 2596 816 καλὸν

313 854 460 914 ipsam
495 851 621 897 illam
657 852 874 898 miseram
899 849 1116 896 Electrae
1154 855 1344 909 sortem,
1383 849 1441 895 de
1467 862 1552 911 qua
1587 855 1720 895 antea
1745 863 1899 896 sermo
1937 855 2053 908 erat,
2091 850 2415 910 intelligerem.
2468 849 2597 906 Quae

313 938 466 979 tamen
502 932 818 994 interpretatio
855 944 977 976 nunc
1012 929 1120 977 mihi
1155 929 1454 993 improbanda
1489 928 1671 976 videtur
1708 944 1840 990 esse„
1891 930 2256 993 quandoquidem
2296 945 2398 977 cum
2433 930 2594 979 verbis

311 1011 361 1060 τὸ
388 1014 448 1080 μὴ
472 1010 610 1059 καλὸν
637 1027 701 1059 ex
724 1026 809 1059 usu
836 1010 1082 1074 Sophoclis
1105 1013 1455 1074 vituperationis
1479 1012 1605 1057 notio
1631 1013 1876 1071 conjuncta
1901 1018 1972 1059 est
1997 1010 2107 1071 100),
2147 1026 2280 1074 quam
2306 1014 2352 1058 in
2378 1011 2596 1059 Electrae

314 1099 488 1141 sortem
523 1095 740 1140 miseram
779 1106 841 1139 ex
878 1094 1105 1140 sententia
1143 1091 1274 1139 chori
1309 1093 1494 1139 minime
1532 1091 1757 1153 quadrare
1794 1098 1930 1154 patet.

450 1172 609 1236 Itaque
645 1187 782 1236 quum
819 1175 970 1221 omnia
1008 1172 1341 1237 interpretandi
1371 1173 1611 1221 conamina
1645 1171 1704 1220 ad
1727 1174 1906 1220 irritum
1944 1172 2127 1232 cadant.
2166 1172 2317 1220 locum
2354 1187 2439 1236 pro
2477 1188 2591 1222 cor-

311 1259 445 1317 rupto
483 1252 731 1302 habeamus
768 1268 963 1302 necesse
1002 1259 1085 1301 est.
1158 1252 1389 1315 Fuerunt.
1427 1254 1504 1316 qui
1540 1253 1850 1316 corruptelam
1887 1255 1932 1300 in
1970 1255 2070 1316 ipso
2100 1252 2252 1301 verbo
2288 1253 2605 1302 καθοπλίσασα·

312 1335 467 1382 inesse
495 1335 825 1381 existimarent.
851 1333 1027 1380 Verum
1053 1335 1297 1381 enimvero
1322 1348 1474 1397 neque
1497 1332 1800 1380 καθοπνίσασα
1830 1332 1939 1393 107),
1965 1348 2118 1396 neque
2142 1333 2454 1381 καθιππάσασα
2479 1333 2590 1394 108),

306 1428 459 1476 neque
495 1413 856 1462 καταπαλαίουσα
882 1412 973 1474 100)
1011 1413 1121 1461 mihi
1156 1414 1341 1462 arridet.
1395 1414 1723 1477 Praeterquam
1761 1415 1884 1462 enim
1920 1414 2042 1476 quod
2079 1416 2164 1473 eis„
2204 1416 2280 1477 qui
2318 1414 2435 1462 haec
2472 1431 2596 1463 con-

301 1495 544 1554 jecerunt,
581 1494 730 1542 verba
764 1492 816 1541 τὸ
848 1495 908 1561 μὴ
932 1492 1069 1542 καλὸν
1094 1494 1152 1542 ad
1189 1495 1467 1557 Aegisthum
1500 1501 1546 1541 et
1569 1493 1987 1557 Clytaemnestram
2022 1494 2273 1542 referenda
2309 1502 2431 1555 sunt„
2470 1511 2595 1543 con-

300 1575 513 1635 Jecturae
552 1575 659 1622 illae
698 1581 774 1622 aut
810 1578 943 1623 nimis
980 1590 1004 1621 a
1042 1575 1278 1623 literarum
1316 1575 1523 1624 ductibus
1568 1575 1820 1636 recedunt„
1868 1582 1915 1622 ut
1957 1576 2269 1623 καθιππάσασα
2313 1582 2360 1623 et
2394 1593 2598 1623 καταπα-

305 1655 508 1714 λαίοοσα,
546 1663 622 1702 aut
657 1656 969 1719 metaphoram
1006 1656 1255 1703 conditioni
1281 1644 1496 1704 Electrae
1532 1672 1625 1702 non
1663 1659 2024 1703 convenientem
2058 1665 2224 1720 poetae
2250 1658 2511 1719 obtrudunt,
2550 1666 2599 1704 ut

304 1735 614 1783 καθυπνίσασα
639 1744 685 1784 et
708 1736 1017 1784 καθιππάσασα
1041 1738 1116 1797 (v.
1142 1737 1247 1785 adn.
1275 1738 1431 1798 109),
1469 1744 1545 1785 aut
1582 1740 1811 1786 sermonis
1836 1752 1966 1786 usum
1998 1739 2258 1800 negligunt.
2296 1746 2344 1785 ut
2375 1739 2596 1787 καθοπνί-

303 1832 443 1877 σασα,
482 1831 571 1880 q-ua
608 1831 729 1866 voce
767 1817 889 1881 quod
925 1820 1066 1867 sciam
1103 1832 1241 1867 nemo
1276 1824 1489 1867 veterum
1526 1833 1636 1868 usus
1672 1825 1771 1879 est,
1822 1825 1869 1867 et
1903 1818 2241 1879 καθιππάσασα,
2277 1835 2363 1883 pro
2403 1836 2492 1884 quo
2533 1836 2597 1869 ex

303 1897 536 1961 Aeschyli
562 1903 691 1946 certe
715 1913 803 1948 usu
831 1925 890 1933 -—
930 1913 1035 1946 nam
1062 1898 1180 1963 apud
1200 1898 1481 1963 Sophoclem
1516 1898 1797 1947 vocabulum
1832 1914 1927 1947 non
1951 1903 2200 1964 reperitur,
2243 1929 2301 1935 —
2343 1901 2589 1949 medialem

1529 2082 1609 2127 109)
1632 2083 1849 2126 Han-tongins
1873 2083 1919 2116 ad
1942 2095 1974 2116 v.
2001 2083 2090 2117 105⁹
2139 2082 2273 2125 „Da-rs
2297 2083 2363 2119 der
2390 2082 2596 2126 Scholion,

1479 2138 1601 2175 iridem
1624 2150 1666 2176 er
1690 2137 1749 2177 die
1779 2137 2122 2189 Umchreibunqen
2147 2140 2454 2189 παταπολεμήσασα,
2491 2154 2598 2177 κατα-

351 2079 431 2125 106)
449 2066 576 2115 Schol:
589 2092 658 2116 rec.
682 2081 728 2115 ad
751 2093 782 2114 v.
809 2082 899 2116 1088
933 2080 1137 2128 ἀσφαλίσασα
1174 2081 1309 2131 σεαυτὴν
1331 2084 1411 2131 πρὸς

302 2135 338 2170 τὸ
365 2135 410 2186 μὴ
434 2136 547 2182 καλὸν,
569 2136 642 2186 ἦτοι
664 2136 857 2188 ἀποστὲρξαι
878 2138 921 2174 τὰ
943 2144 999 2174 τοῦ
1022 2140 1158 2189 πατρὸς,
1184 2137 1330 2189 δηλονότι
1351 2138 1411 2189 τὴν

301 2195 382 2243 πρὸς
406 2194 500 2229 αὐτὸν
525 2193 617 2230 αἰδῶ.

350 2253 431 2297 106)
457 2252 509 2286 Cf.
547 2258 684 2296 praeter
715 2256 831 2288 locum
861 2256 1056 2299 Antigonae
1088 2257 1126 2289 in
1157 2258 1236 2289 adn.
1261 2259 1328 2291 103
1351 2259 1410 2291 ad-

300 2310 467 2354 scriptum
505 2310 628 2345 Trach.
667 2311 734 2345 ⁷25
790 2309 847 2346 οὐκ
882 2312 963 2347 ἔστιν
999 2311 1032 2347 ἂν
1063 2318 1130 2352 τοῖς
1156 2312 1212 2363 μή
1244 2314 1411 2356 καλοῖς

300 2365 510 2415 βουλώμασιν
543 2369 549 2414 Ι
592 2365 659 2404 οὐδ’
697 2367 812 2414 ἐλπίς,
849 2368 918 2417 ἥτις
953 2370 1007 2406 καὶ
1041 2369 1160 2420 θράσος
1190 2383 1221 2407 τι
1255 2371 1414 2423 apsenti.

298 2425 356 2466 Aj.
382 2426 472 2459 1349
519 2425 563 2475 μὴ
591 2424 676 2475 χαῖρ’
699 2424 849 2477 Ἀτριίὃη
873 2428 1013 2478 κέρδισιν
1047 2434 1114 2467 τοῖς
1148 2429 1204 2477 μὴ
1235 2431 1413 2471 καλοῖς.

299 2480 417 2517 Oreus.
453 2484 576 2529 fragm.
612 2484 681 2518 325
716 2484 838 2519 Nauck
890 2485 989 2521 καλὸν
1025 2486 1081 2534 μὲν
1106 2484 1162 2521 οὗν
1198 2487 1255 2523 οὐκ
1285 2487 1349 2525 ἔστι
1370 2490 1413 2526 τὰ

298 2539 402 2588 ψευδῆ
426 2540 541 2589 λέγειν,
562 2542 568 2585 Ι
589 2540 654 2586 ὅτῳ
680 2539 708 2575 δ’
732 2541 868 2591 ὅλιθρον
889 2541 989 2577 δεινὸν
1000 2541 1123 2592 ἁλήθιί
1138 2544 1221 2592 ἄγοι,
1241 2546 1247 2589 Ι
1268 2559 1411 2595 συγγνω-

297 2599 370 2633 στὸν
394 2597 496 2634 αἶπιῖν
520 2598 585 2634 iet«.
607 2598 718 2634 καὶτὸ
755 2598 812 2649 μὴ
836 2600 992 2635 καλὸν.

346 2655 426 2702 107)
452 2654 493 2691 G.
518 2657 741 2692 Hermannus
766 2658 810 2692 ad
833 2669 865 2692 v.
892 2658 983 2695 1074
1042 2661 1165 2706 „Apud
1200 2660 1410 2707 Sophoclem

298 2715 330 2748 si
354 2715 420 2748 illa
451 2716 577 2749 veteris
602 2717 811 2751 scholiastae
846 2717 1085 2763 interpretatio
1109 2730 1191 2754 vera
1226 2723 1288 2764 est,
1325 2722 1410 2757 faci-

300 2774 370 2806 lius
396 2775 572 2817 suspicere
596 2773 818 2809 καθυπνὶσασα
840 2777 1008 2819 scriptum
1032 2779 1172 2812 fuisse.“

347 2830 428 2876 108)
454 2830 498 2865 G.
535 2833 758 2867 Hermannus
793 2833 839 2866 ad
873 2844 906 2866 v.
945 2834 1036 2869 1074
1091 2835 1212 2878 „Unde
1248 2840 1406 2874 fortassis

297 2899 416 2922 eornm
439 2889 581 2934 aliquis,
618 2891 743 2935 quibus
767 2890 909 2924 verbum
940 2892 1091 2926 activum
1114 2892 1317 2931 ιαθιπκάσαι
1338 2908 1411 2930 non

294 2947 364 2981 fuit
402 2947 601 2991 offensioni,
643 2946 878 2984 καθιππάσασα
914 2949 1111 2993 οσιι,ἱὶ<ιὶι,ῐ.0
1175 2955 1286 2997 Quam
1328 2965 1410 2989 con·

290 3003 461 3046 jacturam
500 3006 670 3051 Bergkius
721 3015 859 3049 quoquc
902 3006 993 3051 (adn.
1043 3011 1117 3044 crit.
1163 3021 1244 3056 pag.
1284 3012 1408 3059 XLVI)

294 3064 491 3107 proposuit.

1479 2197 1679 2247 γωνισαμένη
1699 2197 1933 2247 gebraucht,
1967 2196 2194 2234 καθοπλίσασα
2215 2197 2363 2248 yelesen
2393 2198 2513 2253 Jtabe,
2549 2200 2597 2235 ist

1479 2254 1621 2291 sclaver
1653 2267 1704 2291 zu
1739 2255 1903 2304 glauben
1927 2256 2054 2301 (Wolff
2084 2268 2120 2300 Ρ.
2153 2258 2209 2290 85.
2243 2258 2327 2302 3o);
2369 2257 2466 2292 deun
2503 2257 2591 2292 dass

1480 2311 1577 2349 dim
1621 2315 1823 2356 risten,
1871 2313 1975 2349 nicht
2021 2313 2415 2362 niederkdmpfen
2464 2315 2596 2357 heisse,

1483 2374 1622 2407 maeste
1661 2382 1705 2407 er
1744 2371 1888 2408 missen.
1935 2370 2134 2408 Hermann
2175 2371 2242 2408 1ιαί
2281 2384 2331 2408 an
2363 2371 2597 2409 naen-mim

1482 2427 1563 2464 und
1597 2440 1647 2463 an
1683 2428 1906 2466 καθυινίσασα
1925 2429 2103 2478 qedaclnt,
2140 2430 2261 2465 indem
2294 2441 2335 2465 er
2366 2430 2473 2466 mehr
2497 2430 2596 2466 nach

1481 2486 1562 2523 dem
1587 2486 1845 2530 Bucnstaben,
1881 2485 1941 2524 als
1963 2487 2063 2524 nach
2099 2487 2179 2525 dem
2209 2487 2337 2525 Geiste
2360 2499 2411 2525 zu
2436 2488 2594 2525 enneadi-

1478 2556 1546 2581 ren
1584 2545 1727 2582 suchte.
1773 2545 1890 2582 Jenes
1923 2551 2034 2593 pout
2074 2559 2135 2581 mn
2176 2545 2491 2594 Allerwertiqsten
2525 2546 2597 2592 fuir

1478 2604 1537 2640 ein
1563 2603 1754 2641 Madchen
1779 2605 1878 2650 (Eur.
1901 2604 2033 2639 Phoen.
2058 2606 2123 2639 701
2162 2605 2242 2650 [732
2267 2605 2453 2650 Nauem),
2479 2604 2596 2641 dieses

1479 2660 1687 2711 entspricht
1726 2661 1830 2699 niem
1869 2661 1936 2699 der
1974 2660 2196 2711 Erklciruny
2237 2661 2301 2699 des
2343 2661 2592 2699 Scholiasten.

1479 2720 1537 2758 Es
1561 2721 1611 2758 ist
1635 2719 1798 2772 moqlich
1811 2748 1822 2765 ,
1859 2720 1947 2758 dass
1971 2720 2090 2758 dieser
2125 2721 2399 2758 καταπαλαίσασα
2424 2719 2503 2764 las,-
2542 2720 2593 2758 al-

1478 2779 1552 2815 lein
1586 2780 1653 2816 der
1684 2780 1823 2816 Aorist
1853 2784 1963 2828 passi
1998 2779 2118 2815 weder
2150 2780 2231 2814 dem
2261 2780 2357 2815 Sinn
2394 2780 2489 2815 noch
2513 2780 2593 2815 dem

1478 2838 1658 2875 Metram.
1708 2838 1813 2874 Dass
1848 2840 1916 2874 der
1952 2837 2172 2886 Diphthonq
2209 2839 2359 2883 (scilicet
2381 2841 2419 2873 in
2443 2852 2593 2874 καταπα-

1478 2894 1626 2942 zaim)
1649 2906 1720 2931 vor
1745 2895 1826 2932 dem
1850 2895 1992 2932 andern
2029 2894 2169 2932 Vokale
2201 2896 2282 2942 (wie
2313 2895 2410 2932 auch
2437 2896 2528 2932 oben
2554 2897 2592 2931 in

1477 2952 1608 2995 otoni<
1630 2953 1713 2991 tmd
1732 2953 1974 2992 hnmdertmal
1994 2954 2033 2990 in
2058 2955 2174 3001 miv)
2208 2953 2305 2991 lem-z
2329 2966 2378 2991 zu
2404 2953 2501 2992 lesen
2525 2956 2593 2998 sei,

1478 3011 1634 3048 bmucht
1658 3011 1759 3048 wohl
1777 3011 1883 3048 nicht
1907 3011 2068 3048 hemer-kt
2086 3024 2135 3048 zu
2159 3012 2346 3048 werden.“

2279 3131 2308 3172 4
