2882 3662
466 576 520 624 In
565 577 771 624 carmine
819 577 1238 640 praestantissimo,
1294 576 1414 640 quod
1462 578 1507 623 in
1547 574 1792 640 Sophoclis
1829 574 2019 623 Electra
2065 574 2173 623 inde
2223 590 2249 623 a
2284 590 2428 624 versu
2467 576 2603 624 1058

325 673 473 720 usque
510 657 570 706 ad
593 672 783 706 versum
804 656 940 705 1097
975 656 1165 719 legitur,
1201 664 1388 722 praeter
1411 658 1560 718 locos„
1600 659 1676 721 qui
1703 656 2038 721 interpretandi
2064 655 2332 705 difficultate
2368 655 2602 718 laborant„

329 745 492 787 extant
526 739 694 787 menda
749 754 931 802 quoque
968 738 1190 786 nonnulla
1245 738 1540 795 librariorum
1576 741 1678 786 sive
1715 741 1979 800 ignorantia
2016 740 2119 785 sive
2155 725 2461 800 negligentia'
2481 744 2601 798 orta,

327 834 445 882 quae
481 821 569 868 nisi
605 819 784 868 sublata
821 825 973 879 erunt,
1011 833 1203 883 sperare
1240 834 1332 867 non
1367 821 1610 883 possmus
1646 819 1750 866 fore
1788 825 1835 866 ut
1871 825 2038 882 poetae
2080 821 2353 867 sententiam
2374 834 2461 883 per
2497 821 2602 867 sin-

327 899 461 962 gulas
498 903 715 951 carminis
750 906 908 965 partes
933 915 1245 965 assequamur.
1318 900 1519 965 Operam
1555 902 1695 962 igitur
1732 899 1955 959 dabimuS‚
1992 906 2041 947 ut
2076 906 2122 947 et
2158 899 2263 948 lites
2298 901 2600 964 interpretum

326 982 383 1029 de
438 982 746 1030 difficiliorum
801 982 1010 1030 locorum
1064 985 1291 1031 sententia
1346 982 1653 1047 disceptemus
1703 988 1749 1029 et
1795 981 1973 1029 mendis
2018 981 2111 1030 illis
2148 980 2337 1030 sublatis
2372 983 2602 1043 genuinas

324 1063 552 1113 lectiones
588 1065 855 1126 conjectura
890 1055 1195 1114 restituamus,
1232 1062 1333 1122 Qua
1369 1065 1417 1111 in
1453 1079 1508 1112 re
1544 1063 1590 1112 id
1614 1064 1817 1111 maximo
1852 1061 1986 1110 nohis
2020 1061 2282 1124 adjumento
2319 1064 2423 1122 erit„
2461 1062 2601 1126 quod„

324 1158 460 1207 quum
496 1145 785 1207 singulorum
820 1145 1028 1193 locorum
1064 1147 1292 1193 sententia
1341 1146 1386 1193 ei
1434 1146 1692 1193 sententiae
1735 1143 2080 1191 accommodata
2117 1159 2224 1192 esse
2262 1143 2456 1204 debeat,
2513 1159 2600 1206 qua

324 1227 454 1288 quasi
489 1225 785 1274 fundamento
821 1232 962 1274 totum
1011 1241 1199 1273 carmen
1235 1232 1596 1290 superstructum
1633 1232 1732 1284 est„
1789 1226 1846 1272 de
1890 1225 1978 1271 hac
2026 1227 2251 1272 sententia
2288 1226 2414 1271 nulla
2450 1232 2603 1288 potest

322 1306 528 1354 existere
565 1305 796 1354 dubitatio.
868 1305 1110 1354 Praedicat
1145 1308 1267 1353 enim
1303 1306 1472 1354 chorus
1520 1308 1737 1369 pietatem
1775 1305 2023 1363 Electrae,
2080 1320 2199 1367 quae
2235 1304 2394 1352 fratris
2430 1312 2599 1363 morte.²

322 1400 457 1450 quam
494 1386 735 1437 simulasse
771 1385 1096 1451 paedagogum
1130 1385 1332 1436 nondum
1368 1392 1688 1450 compererat„
1732 1393 1779 1434 et
1813 1387 1991 1434 sororis
2028 1385 2282 1445 timiditate,
2321 1402 2456 1449 quam
2493 1387 2601 1433 col-

321 1467 477 1531 loquio
513 1467 669 1531 paullo
707 1473 844 1515 antea
881 1483 983 1515 cum
1024 1484 1079 1515 ea
1123 1467 1278 1515 habito
1316 1475 1633 1530 cognoverat,
1676 1470 1723 1514 in
1761 1483 1863 1515 eam
1900 1467 2212 1515 conditionem
2251 1467 2444 1515 adducta
2481 1475 2599 1528 erat,

321 1556 370 1595 ut
408 1548 495 1597 sibi
525 1550 613 1597 soli
638 1564 803 1598 munus
827 1551 969 1614 patris
1004 1549 1258 1598 ulciscendi
1295 1549 1506 1597 relictum
1541 1564 1649 1599 esse
1671 1549 1974 1612 intelligeret„
2012 1563 2164 1613 neque
2188 1555 2343 1597 tamen
2368 1562 2426 1597 eo
2452 1551 2599 1599 minus

321 1631 572 1680 fortissimo
590 1637 594 1639 ’
610 1633 762 1679 animo
798 1631 1017 1695 Aegisthi
1050 1631 1357 1680 interficiendi
1393 1632 1633 1680 consilium
1669 1637 1871 1696 ceperat.
2028 1630 2032 1633 “

457 1712 697 1761 Dissensio
733 1715 1063 1775 interpretum,
1119 1727 1254 1773 quam
1291 1712 1427 1758 modo
1474 1712 1760 1772 significavi„
1817 1714 1968 1760 statim
2004 1711 2063 1758 ab
2110 1714 2239 1758 initio
2289 1715 2505 1760 carminis
2551 1716 2629 1759 in·

319 1790 663 1854 interpretanda
698 1792 1063 1852 interrogatione
1100 1790 1180 1837 illa
1217 1792 1451 1850 cernitur,
1489 1807 1576 1854 qua
1613 1799 1750 1855 poeta
1787 1807 1975 1839 carmen
2013 1791 2219 1838 orditur:

940 1870 994 1917 Τί
1027 1869 1130 1922 τοὺς
1153 1870 1329 1918 ἄνωθεν
1354 1874 1711 1935 φρονιμωτάτους
1746 1872 1856 1919 οἰω-

1030 1950 1130 2003 νοὺς
1153 1953 1418 2015 ἐσορώμενοι
1441 1961 1606 2016 τροφᾶς

1027 2030 1293 2097 κηδομένους
1316 2030 1390 2096 ἀφ’
1417 2029 1478 2081 ὧν
1502 2049 1551 2079 τε
1577 2032 1694 2094 βλά-

1029 2128 1185 2161 στωσιν
1212 2111 1286 2178 ἀφ’
1314 2110 1377 2161 ὧν
1402 2111 1440 2160 τ’
1466 2110 1615 2178 ὄνησιν
1641 2113 1722 2160 εὖ-

1029 2211 1165 2259 pmcn„
1199 2193 1295 2241 τάδ’
1321 2194 1400 2242 οὐκ
1424 2194 1492 2241 ἐπ’
1513 2195 1612 2247 ἴσας
1633 2197 1879 2260 τελοῦμενς

319 2274 522 2331 Quorum
545 2275 725 2338 quidem
747 2274 999 2322 verborum
1022 2280 1247 2323 sententia
1272 2293 1358 2341 per
1379 2293 1431 2324 se
1455 2285 1660 2341 spectata
1684 2279 2033 2343 haudquaquam
2055 2285 2127 2327 est
2153 2278 2378 2339 obscura3
2407 2280 2593 2343 signifi-

317 2364 424 2404 cant
448 2360 569 2405 enim
589 2375 601 2404 ε
633 2373 747 2420 „cur
768 2372 863 2405 non
886 2360 1111 2405 imitamur
1134 2360 1337 2407 ciconias
1359 2361 1528 2422 pietate
1553 2374 1670 2421 erga
1693 2367 1912 2424 parentes
1935 2362 2143 2422 insignes
2162 2360 2219 2408 ‘?“
2271 2360 2371 2409 Nec
2395 2361 2593 2410 dubitari

315 2445 494 2501 potest,
521 2441 639 2502 quin
676 2438 845 2487 chorus
881 2438 1102 2487 modestia
1139 2439 1332 2503 quadam
1375 2439 1536 2489 ductus
1572 2441 1719 2503 prima
1754 2440 1891 2489 verbi
1928 2455 2130 2505 persona
2167 2441 2225 2490 ob
2262 2455 2366 2489 eam
2402 2457 2591 2492 causam

315 2534 425 2568 usus
462 2520 548 2579 sit„
586 2534 645 2567 ne
682 2533 804 2579 eum,
841 2534 976 2583 quem
1014 2527 1119 2567 ante
1156 2520 1316 2569 oculos
1352 2520 1574 2580 haberet„
1627 2521 1799 2570 diserte
1834 2524 2093 2570 nominaret
2122 2521 2179 2582 ¹).
2253 2521 2400 2580 Quem
2439 2530 2591 2571 autem

314 2606 419 2649 ante
456 2600 617 2649 oculos
641 2599 869 2661 habuerit,
905 2600 995 2648 hoc
1031 2602 1179 2663 ipsum
1214 2607 1303 2661 est„
1340 2601 1460 2664 quod
1496 2604 1743 2665 quaeritur.
1793 2606 1942 2666 Atque
1964 2603 2381 2667 Clytaemnestram
2405 2605 2588 2668 quidem

312 2696 406 2729 non
442 2679 722 2743 significari,
759 2696 877 2745 quae
916 2688 1016 2729 erat
1051 2684 1278 2731 sententia
1315 2682 1594 2732 scholiastae
1629 2684 1923 2732 Laurentiani
1951 2683 1998 2746 ²)
2013 2721 2028 2746 ‚
2078 2700 2164 2749 per
2200 2700 2252 2733 se
2289 2681 2429 2749 patet.
2491 2686 2589 2736 Etsi

359 2838 1417 2892 Ὁδοὶιοιῐιαιιᾶῑωθὲκλὸςόχορὸςπαὶᾶωιὸν
1484 2842 2591 2894 τοῦπιᾶπὶτῇκλυεαψνὴσφᾳτὸναρὶτῡνάλόγυνὲνωῦὸα

310 2897 1417 2953 σογιαταλᾶγα,ἰναμὴδαῂ“φορταόςιῖναιταὴοκ,καὸ’ὦν
1485 2898 2593 2953 πφιλαβιῖνλόγον,ὅτιὶντοῖςάλόγκζῶοιςφυωάιτιςόπὶ

309 2959 366 2993 τὸν
387 2958 483 3008 λόγον
504 2958 690 3007 mqm.
1487 2958 1709 3010 φιλοστοργία·
1732 2960 1756 3008 ἡ
1781 2960 1816 2994 δὲ
1839 2959 2105 3010 Κλυταιμνήστρα
2127 2960 2288 3011 annm«.

356 3016 393 3061 2)
419 3015 538 3054 Schol.
550 3016 654 3054 hur.
678 3018 724 3054 ad
751 3030 785 3054 v.
803 3019 895 3055 1058
918 3017 1031 3055 ‹ah-tw
1047 3016 1084 3053 δᾶ
1098 3016 1149 3065 τῲ*
1162 3020 1252 3068 χαρᾷ
1274 3017 1419 3068 ἀγανακ-
