2882 3662
1245 62 1596 109 -13-

413 198 465 245 In
490 200 637 262 primo
664 213 807 247 versu
833 201 1025 262 primum
1051 203 1283 262 quaeritur
1310 200 1367 248 de
1393 204 1439 248 vi
1471 218 1525 248 ac
1549 202 1881 262 significatione
1906 204 2120 267 adjectivi
2145 207 2337 272 ἀγαθῶν.
2387 207 2562 270 Negari

274 292 365 328 non
404 284 556 343 potest
603 294 665 328 ex
703 278 947 343 Sophoclis
985 289 1137 330 mente
1173 280 1283 334 τοὺς
1315 282 1512 347 ἀγαθοὺς
1543 299 1638 330 non
1674 300 1780 332 esse
1816 285 1983 346 bonos„
2022 287 2105 335 sed
2139 288 2389 345 nobiliores,
2422 302 2561 345 qene-

271 375 376 407 rosa
409 362 546 418 stirpe
581 368 788 416 exortos,
827 360 869 407 id
895 362 1016 423 quod
1041 364 1282 410 Jacobsius
1319 368 1364 409 in
1402 364 1598 411 editione
1624 364 1939 412 Wunderianu
1973 371 2100 414 recte
2138 368 2327 425 monuit3
2365 373 2561 416 attamen

274 439 376 488 inde
426 457 519 488 non
557 444 790 504 sequitur,
840 450 887 488 ut
933 459 1034 489 cum
1073 444 1429 493 Schneidewino
1478 451 1524 492 et
1559 444 1768 494 Nauckio
1817 447 2070 507 genitivum
2116 456 2205 495 τῶν
2250 446 2431 511 ἀγαθῶν
2475 466 2560 511 pro

272 525 479 581 genitivo
517 526 707 582 originis
744 525 1000 570 habendum
1038 539 1144 571 esse
1182 539 1451 573 censeamus
1474 524 1571 586 ⁵⁷),
1610 539 1746 589 quum
1783 527 1880 574 sine
1918 524 2052 575 dubio
2089 529 2319 588 genitivus
2355 530 2411 578 sit
2446 544 2561 592 par—

269 604 438 650 titivus.
498 602 756 651 Discrimen
792 605 971 667 quidem
1010 608 1118 654 satis
1154 607 1259 653 leve
1298 613 1395 667 est„
1440 608 1542 654 sive
1579 609 1833 656 vertimus:
1891 622 2058 668 „nemo
2106 608 2320 657 nobilium
2366 609 2559 671 gloriam

269 685 604 731 commaculare
655 685 812 744 vult“,
869 689 970 733 sive
1027 687 1365 736 Schneidewini
1408 689 1827 752 interpretationem
1873 691 2046 738 secuti:
2114 705 2306 752 „nemo,
2371 693 2446 754 qui
2497 707 2560 739 ex

244 765 496 814 ‘nobilibus
535 774 663 813 ortus
700 774 799 827 est„
857 769 1051 830 gloriam
1089 769 1421 817 commaculare
1459 768 1621 827 vult“;
1676 775 1873 818 attamen
1910 786 2004 819 non
2040 773 2186 832 magis
2221 787 2370 831 nuncq
2427 789 2559 836 quam

267 855 401 894 antea
440 850 483 893 in
523 863 642 894 voce
681 848 916 913 εὔπατρις,
954 850 1118 898 nobilis
1156 853 1278 908 miyo
1314 850 1526 898 Electrae
1563 850 1868 914 praedicanda
1905 859 2001 914 est„
2057 854 2222 917 quippe
2259 855 2388 914 quus
2424 856 2558 902 etiam

269 928 620 992 Chrysothemis
680 932 908 992 particeps
963 933 1052 987 sit3
1101 934 1237 978 immo
1294 935 1337 977 in
1383 934 1525 988 ipsine
1560 934 1774 977 Electrae
1815 933 2048 979 nobilitate
2104 932 2378 980 celebranda
2425 940 2559 998 poeta

266 1015 495 1057 versatur.
569 1008 735 1073 Neque
784 1017 855 1059 est
901 1011 1112 1074 profecto
1150 1011 1390 1075 quidquam
1437 1014 1482 1059 in
1531 1020 1621 1059 tota
1671 1016 2008 1072 enuntiatione„
2060 1014 2179 1077 quod
2215 1013 2559 1063 Schneidewini

267 1091 491 1138 rationem
531 1089 855 1149 commendet;
894 1099 1069 1139 temere
1108 1095 1227 1138 enim
1266 1096 1388 1154 egit„
1444 1095 1563 1156 quod
1602 1093 1802 1140 εὔκλειαν
1837 1095 2028 1149 ,aller-iam
2060 1096 2207 1149 yemis
2239 1097 2558 1157 interpretatus

266 1178 351 1227 est„
391 1187 527 1233 quum
565 1174 705 1233 ipsius
726 1173 765 1219 E
818 1179 943 1219 ctrae
968 1173 1088 1219 bona
1120 1173 1239 1219 fama
1265 1179 1423 1237 aperte
1448 1172 1743 1235 intelligenda
1774 1175 1843 1222 sit.
1883 1172 2171 1234 significatur
2194 1177 2401 1222 nimirum
2438 1174 2558 1222 bona

266 1251 383 1297 fama
425 1251 617 1310 eadem„
657 1173 906 1317 cujuffipe
944 1254 1130 1301 Electra
1168 1269 1378 1303 sororem
1415 1253 1471 1301 ad
1507 1253 1816 1302 fortitudinem
1854 1254 2089 1302 exhortari
2127 1264 2286 1303 conata
2323 1263 2451 1303 erat:

820 1350 864 1382 v.
905 1334 1005 1384 972
1059 1332 1208 1400 λόγων
1233 1352 1285 1400 γε
1310 1337 1394 1402 μὴν
1420 1334 1703 1384 εὔκλειαν
1730 1335 1815 1399 οὐχ
1840 1338 1948 1399 ὁρᾷς
1984 1333 2091 1401 ὅσην

1063 1422 1207 1480 σαυτῇ
1228 1433 1279 1463 τε
1303 1415 1430 1480 κάμοὶ
1452 1417 1718 1480 προςβαλεῖς
1739 1418 1973 1464 πεισθεῐσά
1997 1435 2080 1480 μοι.

824 1512 870 1545 v.
911 1497 1013 1547 984
1066 1497 1250 1546 τοιαῦτά
1272 1516 1337 1546 τοι
1360 1497 1423 1546 νὼ
1445 1507 1530 1551 πᾶς
1552 1517 1618 1551 τις
1642 1498 1786 1563 ἐξερεῖ
1809 1498 1977 1563 βροτῶν
1991 1533 2006 1558 ‚

1063 1578 1225 1632 ζώσαιν
1250 1580 1489 1626 θανούσαιν
1513 1580 1558 1626 θ’
1585 1582 1698 1630 &aa
1723 1579 1784 1643 μὴ
1811 1579 2002 1625 ἐκλιπεῖν
2038 1580 2217 1632 κλέος.

264 1660 399 1720 Quod
437 1667 588 1709 autem
629 1659 791 1708 eadem
830 1662 1085 1719 sententia„
1126 1676 1256 1722 quam
1295 1668 1429 1723 poeta
1465 1661 1552 1708 hoc
1589 1662 1693 1707 loco
1730 1660 1937 1723 profert„
1986 1676 2309 1725 nonnunquam
2346 1664 2404 1709 ita
2441 1663 2558 1725 pro-

262 1745 512 1803 nuntiatur„
554 1749 600 1789 ut
625 1744 768 1805 turpis
797 1743 889 1789 vita
914 1757 1147 1802 generosa
1177 1744 1317 1805 stirpe
1349 1745 1524 1789 exortis
1560 1741 1744 1803 indigna
1771 1755 1876 1789 esse
1903 1741 2079 1789 dicatur
2108 1741 2196 1803 ⁶⁸).,
2236 1743 2280 1791 id
2317 1743 2559 1806 haudqua-

264 1841 398 1887 quam
425 1840 510 1871 nos
548 1825 690 1883 cogit,
728 1830 776 1869 ut
811 1823 900 1869 hoc
925 1839 1107 1885 quoque
1147 1825 1249 1869 loco
1287 1838 1549 1883 generosae
1586 1825 1778 1884 originis
1814 1825 2045 1870 notionem
2084 1810 2345 1884 urgeamus.
2383 1822 2558 1871 Eadem

266 1908 388 1952 enim
427 1906 652 1953 sententia
689 1903 852 1951 eodem
885 1906 992 1965 jure
1032 1905 1088 1951 de
1127 1907 1235 1968 ipsis
1274 1904 1499 1952 nobilibus
1536 1902 1850 1967 praedicatur,
1907 1906 2175 1966 praesertim
2213 1920 2349 1967 quum
2386 1920 2470 1968 per
2506 1921 2557 1953 se

262 1994 414 2051 pateat
469 1986 650 2034 nobiles
689 2002 781 2032 non
821 2001 927 2033 esse
966 1988 1050 2034 nisi
1088 1985 1228 2033 nobili
1265 2000 1439 2046 genere
1490 1992 1628 2033 ortos.

407 2067 588 2114 Deinde
615 2068 672 2113 de
712 2068 871 2113 lacuna
898 2066 1130 2129 explenda
1156 2069 1323 2126 agitur,
1362 2080 1494 2127 quam
1532 2068 1576 2112 in
1614 2067 1761 2127 primo
1797 2080 1939 2111 versu
1971 2068 2123 2111 inesse
2161 2071 2353 2110 metrum
2391 2080 2557 2113 versus

261 2148 606 2211 antistrophici:
657 2147 777 2211 Εώῃς
821 2164 892 2210 μοι
926 2145 1208 2210 καθύπερθεν
1244 2145 1454 2193 ostendit.
1527 2147 1681 2208 Atque
1720 2145 2001 2205 Hartungius
2031 2144 2099 2204 ⁶⁹)
2137 2144 2344 2208 quidem,
2401 2148 2475 2209 qui
2512 2152 2558 2193 et

266 2232 364 2293 ipse
402 2228 605 2276 nobilem
644 2230 874 2288 originem
904 2227 1122 2274 Electrae
1161 2229 1321 2288 urgeri
1359 2243 1384 2273 a
1411 2234 1547 2289 poeta
1575 2226 1914 2282 arbitrabatur„
1953 2227 2166 2272 lacunam
2193 2226 2404 2289 explevit
2440 2241 2555 2290 par-

260 2312 414 2375 ticipio
447 2308 557 2375 φὺς,
596 2310 802 2358 desumto
841 2309 921 2357 illo
961 2325 1023 2357 ex
1061 2325 1107 2356 v.
1148 2308 1279 2356 970:

307 2411 365 2458 57)
391 2412 436 2447 ad
457 2424 491 2445 v.
519 2412 608 2446 1082
635 2424 685 2455 oq.
734 2409 930 2453 „Keiner‚
973 2410 1039 2445 der
1074 2422 1149 2444 von
1184 2409 1375 2454 maht-lauf?
1447 2410 1563 2445 eimm
1600 2408 1847 2451 Flickmorte,
1880 2408 1947 2445 mie
1970 2409 2032 2458 γάρ
2069 2419 2105 2445 u.
2129 2419 2157 2445 s.
2184 2419 2252 2451 m,
2288 2405 2450 2445 condem
2485 2409 2553 2444 mit

202 2481 206 2486 ·
258 2470 352 2517 (τῶν)
379 2466 501 2506 Edeln
526 2467 730 2506 abstmnmt
753 2466 834 2505 und
853 2480 903 2504 zu
927 2466 1038 2504 ilmen
1065 2466 1203 2515 qehbrt
1238 2466 1375 2515 (ἀγαθὸς
1445 2467 1674 2514 demjeniqen
1712 2468 1849 2507 Worte,
1883 2466 2036 2502 welches
2059 2466 2126 2500 der
2153 2466 2250 2501 Sinn
2281 2465 2444 2513 fordert,
2477 2465 2557 2501 und

258 2528 321 2568 ιάε
344 2527 427 2578 dp),
451 2525 617 2562 ver-steht
640 2524 721 2562 siclt
745 2524 859 2568 daza,
885 2524 1004 2562 durch
1027 2524 1088 2562 ein
1103 2522 1375 2573 schimpfliehes
1444 2522 1598 2561 welches
1621 2536 1749 2572 meyen
1784 2523 1850 2559 der
1874 2523 2150 2572 Abmeclulumq
2185 2525 2253 2559 nuit
2277 2523 2359 2558 dem
2383 2521 2553 2569 nachfol-

261 2586 406 2622 Daseia
431 2584 501 2619 den
528 2584 652 2618 Ruhm
676 2584 797 2619 seina
826 2582 1084 2619 ὕεα-Μαλέα
1112 2593 1162 2618 τα
1185 2580 1374 2619 schamen
1441 2580 1587 2632 yendm
1621 2580 1687 2623 ζῶν
1709 2580 1797 2619 sehr
1817 2579 2008 2618 notuit-liele
2041 2579 2280 2630 mayelamn
2302 2580 2443 2623 warde,
2468 2593 2552 2616 αω-

259 2644 341 2681 und
361 2643 489 2680 seim
514 2640 620 2677 edeln
645 2641 793 2677 Nomen
820 2653 870 2676 zu
895 2640 1188 2688 beschimps'en.“
1440 2638 1587 2689 gestillt.
1646 2639 1732 2675 Den
1764 2638 2003 2689 qeforderten
2041 2638 2139 2677 Simu
2176 2637 2282 2677 hatte
2314 2636 2459 2676 Jacobs
2496 2648 2553 2676 er-

306 2702 363 2747 58)
388 2700 442 2737 cf.
468 2700 521 2735 El.
545 2712 576 2735 v.
601 2699 672 2735 ⁹8⁹
720 2696 778 2748 ζῆν
817 2696 947 2747 αἰσχρὸν
983 2696 1124 2746 αἰσχρῶς
1163 2704 1230 2737 τοῖς
1265 2699 1373 2737 ιαλῶς
1442 2698 1588 2733 kamit:
1628 2699 1684 2740 „ot
1706 2697 1826 2745 ἁγαθοὶ
1848 2709 1925 2731 esse
1947 2699 2110 2732 videntur
2132 2696 2342 2743 ποόίᾶοηδ,
2369 2705 2554 2747 qenerosa

259 2758 502 2807 πιφυιιόσιν.
528 2758 583 2801 Aj.
602 2768 634 2791 v.
653 2757 723 2792 47⁹
742 2753 811 2792 ἀλλ’
835 2754 985 2806 ἡκαλῶς
1008 2753 1065 2805 ζῆν
1089 2753 1238 2805 ἣιαλῶς
1255 2753 1374 2804 τιθνη-
1440 2754 1558 2802 stirpe
1582 2757 1748 2795 exorti«,
1771 2754 1864 2790 aber
1899 2768 1962 2790 um
1996 2755 2061 2790 ikn
2092 2767 2143 2789 zu
2182 2754 2381 2803 clavigeri,
2416 2757 2555 2789 mate

258 2820 346 2851 ιὲναι
366 2821 373 2862 1
393 2819 463 2850 τὸν
499 2816 655 2866 ιὺἶινῇ
690 2814 765 2866 χρὴ.
814 2815 939 2849 Trach-
966 2814 1032 2847 781
1077 2812 1136 2864 (ἢν
1169 2812 1232 2864 γὰρ
1267 2820 1374 2854 ’κακῶς
1443 2811 1503 2860 φὺς
1527 2810 1717 2862 beiqeftiyi
1739 2811 1925 2850 ’ondens‘
1974 2814 2113 2847 Erravit
2134 2815 2189 2847 vir
2208 2815 2340 2853 doctus,
2376 2814 2469 2857 quod
2494 2815 2553 2847 Ja-

258 2877 414 2910 ιλύωοαν
437 2875 495 2909 οὐκ
519 2874 706 2921 ἀνασχετόν,
728 2876 734 2917 Ι
755 2873 823 2922 ἣτις
846 2872 990 2923 aperanti
1014 2872 1067 2922 μὴ
1101 2872 1207 2919 κακὴ
1245 2883 1373 2919 ιιφυ-
1444 2872 1599 2906 oobsium
1638 2879 1701 2906 τῶν
1738 2869 1873 2920 ἀγαθῶν
1912 2882 1976 2916 pro
2015 2872 2169 2916 genitivo
2209 2871 2354 2915 originis
2393 2870 2555 2904 babuisse

257 2933 301 2969 ιᾶ
335 2946 386 2968 αι.
1442 2931 1587 2963 amauit.

307 2948 366 3037 ἕο)
390 2992 434 3025 ui
458 2992 611 3027 v.1oa⁵
662 2988 765 3032 ‚Doe
791 2986 921 3026 Lache
944 2987 1066 3025 haben
1087 2988 1158 3025 wa·
1179 2986 1376 3026 denuit
