2882 3662
1290 93 1621 140 „20—

309 231 577 279 Wunderus
618 230 703 292 Μ),
742 231 817 278 Fr.
855 230 1096 281 Jacobsius
1132 227 1221 291 ⁶³)„
1261 230 1530 279 Luebkerus
1554 226 1638 292 ⁶⁶),
1678 230 2061 280 Schneidewinus
2088 231 2186 294 ⁶⁷);
2232 235 2289 283 de
2326 240 2444 301 turpi
2481 236 2600 301 quod

308 314 447 359 sciam
486 313 613 360 solus
652 312 889 360 Nauckius
929 311 1015 372 ⁶⁸).
1100 313 1171 360 Ac
1209 311 1354 358 verba
1403 311 1581 374 quidem
1619 327 1703 375 per
1740 327 1792 359 se
1828 318 2031 375 spectata
2067 316 2207 361 vitam
2244 319 2457 365 miseram
2494 320 2599 379 sig-

307 392 495 440 nificare
551 409 690 456 posse
750 393 868 440 haud
927 409 1039 442 sane
1097 395 1388 455 negaverim.
1488 392 1703 441 Concedo
1757 407 1898 457 porro
1946 392 2142 442 libenter
2196 398 2337 445 vitam
2385 401 2598 447 miseram

308 475 491 521 homine
541 475 681 522 nobili
730 475 881 522 videri
928 491 1068 538 posse
1117 474 1349 535 indignam
1391 472 1473 532 ⁰⁹).
1581 474 1757 521 Verum
1804 476 2044 521 enimvero
2089 477 2296 539 plurimis
2332 478 2475 539 locis„
2524 479 2600 526 ubi

307 557 467 604 similis
520 559 748 604 sententia
798 572 823 602 a
872 558 1019 620 poetis
1069 557 1259 617 tragicis
1296 554 1559 618 profertur„
1615 570 1708 603 non
1751 555 1808 603 de
1850 557 2045 616 misera„
2101 557 2183 605 sed
2237 557 2294 606 de
2337 561 2458 624 turpi
2505 563 2599 609 vita

307 640 458 700 agitur
499 636 599 699 ⁷⁰),
639 653 726 686 nec
764 638 976 702 profecto
1013 640 1057 685 in
1101 637 1320 685 Electrae
1357 635 1536 683 laudem
1574 637 1662 685 dici
1697 643 1907 702 poterat:
1960 652 2126 701 „nemo
2176 639 2394 689 nobilium
2432 643 2600 691 misera

306 722 401 765 vita
445 721 644 781 gloriam
694 734 820 767 suam
865 720 1202 767 commaculare
1248 718 1378 765 vult“
1397 753 1413 777 .,
1464 721 1676 781 quoniam
1726 722 1824 783 ipsa
1867 719 2054 768 Electra
2108 735 2192 784 per
2237 721 2405 772 multos
2455 736 2598 771 annos

307 803 563 849 miserrima
601 804 724 850 vitae
759 801 1017 849 conditione
1054 815 1136 849 usa
1173 805 1274 847 erat
1311 801 1500 862 ipsaque
1536 799 1622 847 hac
1658 802 1781 849 vitae
1817 803 2000 850 miseria
2025 802 2143 866 apud
2168 801 2448 866 Sophoclem
2485 804 2598 866 glo-

306 884 448 929 riatur
471 881 554 942 ⁷¹).
603 883 753 945 Atque
792 883 880 930 hoc
916 883 1064 945 ipsum
1089 887 1176 941 est,
1217 879 1337 943 quod
1377 879 1428 928 G.
1469 879 1782 928 Hermannum
1816 881 1943 942 (adn.
1978 882 2072 943 63)
2111 890 2156 931 et
2188 881 2596 932 Schneidewinum

308 962 438 1023 (adn.
480 964 573 1023 67)
622 965 932 1011 commovisse
981 963 1195 1019 videtur„
1246 968 1294 1008 ut
1330 962 1566 1024 participio
1604 961 1693 1014 ζῶν
1732 977 1916 1010 sensum
1962 966 2283 1013 concessivum
2314 964 2596 1024 tribuerent3

352 1111 410 1156 64)
436 1110 634 1145 Wunderus
659 1112 704 1144 ad
728 1123 760 1144 v.
784 1112 874 1145 1065
887 1122 938 1156 sq.
989 1111 1164 1153 „Pessime
1188 1111 1292 1154 vulgo
1317 1110 1419 1143 verba

306 1166 371 1208 ζῶν
395 1177 503 1207 κακῶς
527 1174 561 1202 et
584 1171 772 1214 explanata
796 1172 877 1202 sunt
901 1172 935 1202 et
952 1169 1234 1212 interpunctione
1253 1179 1274 1200 a
1298 1168 1418 1201 ceteris

305 1228 418 1260 verbis
457 1231 624 1271 separata.
684 1228 766 1261 Hoc
796 1228 889 1260 enim
929 1228 1015 1261 dicit
1051 1230 1177 1271 poeta:
1218 1223 1321 1264 οὐδεὶς
1355 1231 1419 1258 τῶν

306 1283 439 1332 ἀγαθῶν
479 1283 537 1332 ζῆν
569 1292 676 1322 κακῶς
711 1284 764 1318 καὶ
797 1283 848 1330 τῷ
882 1292 990 1322 κακῶς
1021 1283 1082 1331 ζῆν
1106 1282 1250 1317 εὔκλειαν
1274 1283 1421 1329 αἰσχῦναι

304 1340 394 1376 θέλει
417 1341 570 1389 νώνυμος,
596 1344 619 1376 i.
645 1355 673 1377 e.
698 1355 800 1377 nemo
819 1343 998 1377 hominum
1012 1344 1270 1386 praeclarorum
1288 1342 1420 1375 misera

304 1401 397 1435 vitae
431 1402 631 1436 conditione
676 1402 728 1435 uti
764 1412 875 1446 eaque
911 1401 1131 1446 splendorem
1169 1400 1417 1434 commaculare

304 1471 405 1494 suum
441 1462 525 1502 vult,
561 1461 612 1494 ita
648 1465 685 1495 ut
708 1471 835 1495 nomen
858 1459 933 1502 ejus
967 1460 1207 1505 extinguatur,
1243 1459 1303 1494 sed
1327 1458 1417 1501 ejus·

304 1519 400 1552 modi
423 1520 515 1552 vitae
539 1522 683 1552 mortem
708 1519 920 1562 anteponit.“

352 1577 410 1620 65)
437 1578 495 1610 Fr.
520 1578 648 1611 Jacobs
675 1578 718 1610 ad
755 1589 785 1610 v.
814 1578 904 1611 1065
940 1578 993 1610 ed.
1018 1576 1148 1610 Wund.
1212 1583 1338 1617 „zan-bc
1363 1574 1420 1622 ζῆν

304 1638 358 1669 est
382 1635 454 1668 vita
480 1635 531 1669 uti
555 1634 757 1676 miserabili,
783 1635 819 1668 id
843 1638 906 1676 est,
947 1634 1060 1669 nobih'
1085 1634 1219 1680 origine
1243 1634 1417 1679 indigna„“

352 1693 411 1738 66)
436 1693 637 1727 Luebkerus
675 1694 697 1729 l.
733 1704 761 1727 c.
797 1704 832 1737 p.
861 1694 904 1726 15
951 1691 1082 1735 „Kein
1115 1695 1230 1742 φαεν
1264 1690 1421 1727 Μαι-πελ

305 1751 383 1785 will
393 1753 443 1797 ja
468 1752 526 1785 im
551 1750 710 1785 Elend
728 1752 856 1785 seinen
874 1750 1023 1785 Nomen
1046 1750 1235 1785 schanden
1259 1749 1419 1784 lassen.“

352 1809 411 1852 67)
438 1807 723 1843 Schneidewinus
748 1808 793 1841 ad
817 1819 848 1840 v.
876 1809 966 1842 1058
978 1819 1030 1852 sq.
1055 1834 1084 1849 ‚,
1098 1807 1177 1843 Wie
1200 1819 1240 1843 es
1263 1807 1321 1842 dle
1344 1805 1422 1842 Ar!

308 1864 429 1901 Edler
452 1865 516 1908 ist,
542 1863 660 1901 durch
698 1863 1103 1914 Missyeschick
1137 1863 1218 1902 sich
1243 1863 1346 1901 nicht
1370 1875 1419 1901 zu

312 1922 643 1972 Unwzirdiqlceiten
661 1934 709 1958 zu
725 1922 954 1958 πνοὴ-119111(
979 1925 1022 1956 ad
1040 1936 1071 1956 v.
1094 1926 1183 1958 1085
1200 1936 1250 1968 sq.
1278 1922 1419 1966 „Auch

306 1981 325 2021 ζ
339 1991 365 2015 ῶ
379 1995 397 2015 σ
411 1995 431 2015 α
454 1997 473 2014 κ
487 1995 508 2015 α
521 1997 539 2015 κ
552 1990 578 2015 ῶ
592 1995 608 2019 ς
633 1980 714 2015 1ιὰΙί
740 1980 803 2015 ΕΙ.
823 1980 903 2015 ihre
919 1980 1047 2014 εὔκλεια
1065 1980 1280 2025 aufreclnt.“
1321 1981 1421 2015 Unde

307 2043 463 2084 apparet,
505 2039 807 2074 Schneidewinum
852 2039 887 2071 in
934 2039 1121 2083 participio
1165 2040 1420 2083 interpretando

306 2096 349 2131 G.
376 2099 612 2132 Hermannum
638 2099 791 2130 secutum
816 2108 902 2130 esse.
949 2097 1031 2141 Ipse
1054 2101 1169 2131 tamen
1193 2098 1230 2131 in
1255 2098 1420 2142 interpre-

307 2159 423 2190 tandis
462 2158 575 2189 verbis
614 2154 678 2195 ζῶν
703 2164 808 2193 κακῶς
833 2157 900 2188 sibi
925 2158 1141 2201 repugnavit,
1178 2167 1283 2200 quum
1320 2158 1364 2189 ad
1389 2169 1420 2188 v.

310 2216 401 2251 1082
421 2227 491 2259 seq.
509 2215 620 2248 dixit:
646 2213 821 2255 „Keiner
833 2234 877 2239 —
889 2211 1056 2250 versteht
1072 2213 1152 2249 sich
1169 2213 1283 2256 dazu,
1304 2213 1422 2250 durch

307 2274 367 2309 ein
408 2270 823 2319 schimpsliches
865 2271 1007 2307 Daseia
1043 2270 1113 2307 den
1148 2271 1271 2307 Ruhm
1302 2271 1422 2307 seinos

313 2329 553 2368 Geschlechts
589 2341 638 2366 zu
673 2328 862 2366 scludnden
887 2328 969 2366 und
995 2328 1122 2366 seinen
1146 2328 1249 2367 edeln
1275 2330 1424 2368 Numen

307 2401 357 2424 zu
383 2389 676 2436 beschimpfen.“

356 2448 414 2493 68)
438 2449 617 2483 Nauckius
642 2449 686 2482 ad
719 2460 751 2481 v.
780 2449 1010 2484 1058—1097
1058 2447 1178 2489 „We
1201 2459 1239 2483 es
1261 2446 1319 2483 die
1344 2446 1425 2482 Art

309 2505 427 2542 Edler
451 2508 510 2548 ist,
537 2506 597 2541 nie
621 2517 670 2541 zu
701 2504 965 2554 Unwvirdiyem
997 2505 1077 2542 sich
1114 2516 1163 2542 zu
1186 2504 1421 2542 verstehen.“

308 2567 351 2598 ad
377 2578 408 2598 v.
437 2566 527 2600 1082
572 2566 830 2600 Schneidewini
854 2566 968 2606 verba,
1004 2576 1093 2610 quae
1125 2576 1232 2609 supra
1266 2566 1420 2610 adscrip-

308 2625 415 2658 simus
441 2624 631 2667 adoptavit.

355 2681 413 2726 6⁹)
442 2681 495 2714 Cf.
522 2683 630 2725 Soph.
655 2681 710 2723 Aj.
737 2682 805 2713 473
830 2681 961 2730 αἰσχρόν
996 2682 1058 2732 γὰρ
1082 2681 1184 2729 ἄνδρα
1218 2687 1273 2715 τοῦ
1299 2688 1421 2731 μακροῦ

307 2738 435 2789 χρῄζειν
460 2739 540 2782 βίου,
562 2741 567 2781 Ι
588 2746 728 2774 κακοῖσιν
753 2739 835 2777 ὅστις
861 2738 960 2789 μηδὸν
984 2739 1213 2779 ἐξαλλάσσει-αι
1239 2735 1263 2776 Ι.
1282 2759 1326 2765 --
1351 2738 1419 2774 ἀλλ’

308 2798 328 2843 ἠ
354 2797 462 2837 καλῶς
487 2796 565 2846 ζῆν,
590 2797 611 2840 ἦ
636 2798 745 2837 καλῶς
768 2798 956 2847 τεθνηκέναι
976 2799 982 2841 Ι
1003 2798 1056 2832 τὸν
1080 2798 1194 2847 εὐγενῆ
1220 2797 1283 2848 χρὴ
1298 2810 1305 2817 ·
1335 2797 1424 2832 πάντ’

309 2855 449 2902 ἀκήκοας
465 2855 570 2902 λόγον.
599 2857 767 2890 Similiter
779 2857 971 2900 Aeschylus
988 2854 1169 2890 ἰυὍπλων
1185 2855 1263 2905 apic.
1289 2857 1425 2901 Fragm.

310 2914 373 2944 171
413 2913 558 2946 Nauck:
606 2913 636 2946 τί
670 2914 734 2963 γὰρ
769 2914 868 2947 καλὸν
903 2912 961 2963 ζῆν
993 2913 1074 2958 βίον,
1107 2914 1142 2952 ὀς
1174 2913 1276 2952 λύπας
1313 2914 1425 2963 φάρει;

308 2974 414 3006 vitam
439 2974 599 3006 miseram
624 2973 661 3005 in
688 2978 801 3007 mente
825 2975 954 3007 habuit.

356 3031 413 3076 70)
440 3030 492 3066 cf.
531 3031 638 3076 Soph.
665 3032 718 3066 El.
755 3033 825 3067 48⁹
874 3030 948 3081 ζῆν
980 3031 1110 3081 αἰσγρὸν
1142 3032 1336 3080 αἰσχρῶς
1359 3039 1425 3071 τοῖς

1491 1108 1598 1148 καλῶς
1614 1110 1793 1156 πεφυκόσιν.
1819 1110 1942 1144 Trach.
1956 1110 2019 1143 721
2048 1109 2123 1161 ζῆν
2145 1112 2209 1162 γὰρ
2232 1120 2369 1153 κακῶς
2392 1112 2598 1148 κλύουσαν

1491 1165 1548 1201 οὑκ
1573 1167 1758 1215 ἀνασχετόν,
1778 1170 1784 1212 Ι
1805 1167 1873 1217 ήτις
1899 1174 2038 1218 προτιμᾷ
2071 1168 2116 1219 μὴ
2148 1169 2232 1221 κακὴ
2264 1170 2449 1218 πεφυκέναι.
2473 1172 2597 1205 Aesoh.

1490 1226 1600 1259 Ixion.
1626 1226 1671 1259 85
1696 1225 1839 1259 Nauck:
1873 1225 1968 1270 βίου
1992 1233 2182 1275 πονηροῦ
2205 1226 2345 1267 θάνατος
2368 1227 2599 1277 εὐκλεέστερος.

1490 1284 1699 1317 Αοεοὶι.111ο.
1724 1284 1791 1316 392
1816 1281 1922 1332 ζωῆς
1946 1291 2138 1333 πονηρᾶς
2160 1285 2299 1324 θάνατος
2322 1285 2551 1336 αἱρετώτερος·
2571 1286 2580 1330 J

1487 1341 1523 1375 τὸ
1549 1340 1593 1389 μὴ
1619 1341 1767 1388 ,γενέσθαι
1791 1338 1819 1375 δ’
1843 1342 1925 1377 ἐστὶν
1955 1341 1976 1389 ἦ
2001 1342 2175 1390 πεφυκόναι
2194 1345 2202 1388 Ι
2221 1350 2363 1393 κρεῖσσον
2394 1353 2501 1382 κακῶς
2531 1344 2600 1378 πά-

1489 1410 1615 1446 σχοντα.
1663 1400 1784 1445 Eurip.
1821 1401 1907 1435 Hec.
1946 1400 2014 1435 378
2038 1399 2146 1436 θανὼν
2182 1398 2208 1435 δ’
2247 1400 2285 1437 ἂν
2320 1400 2371 1450 εἴη
2397 1401 2519 1449 μᾶλλον
2542 1401 2600 1438 εὑ-

1486 1456 1671 1507 τυχέοτερος
1692 1458 1697 1504 Ι
1718 1458 1739 1509 ἠ
1762 1457 1847 1500 ζῶν·
1870 1460 1914 1494 τὸ
1940 1458 2019 1508 γὰρ
2036 1457 2111 1509 ζῆν
2135 1458 2339 1509 μὴκαλῶς
2363 1460 2465 1508 μέγας
2492 1459 2598 1500 πόνος.

1490 1517 1570 1550 Huc
1593 1518 1754 1552 traxerim
1778 1518 1882 1552 etiam
1907 1528 1949 1552 ea
1971 1519 2173 1563 fragmenta,
2197 1519 2235 1552 in
2259 1519 2395 1564 quibus,
2421 1520 2504 1564 quia
2522 1530 2597 1554 sen-

1490 1576 1673 1608 tentiarum
1698 1588 1805 1609 nexus
1842 1589 1913 1610 non
1937 1581 1989 1610 est
2010 1580 2126 1624 potrus,
2162 1577 2349 1619 dijudicari
2373 1578 2474 1611 certis
2498 1589 2598 1622 argu-

1490 1633 1613 1667 mentis
1639 1646 1710 1668 non
1734 1638 1859 1678 potest,
1884 1639 1997 1670 utrum
2020 1636 2148 1670 misera
2170 1646 2215 1668 an
2240 1636 2351 1679 turpis
2375 1636 2447 1669 vita
2469 1637 2599 1670 intelli-

1491 1692 1602 1736 genda
1626 1693 1681 1726 sit.
1727 1692 1845 1727 Veluti
1868 1693 1950 1728 Eur.
1997 1692 2133 1738 Fragm-
2166 1693 2234 1728 863
2258 1683 2381 1727 Nauck
2407 1692 2461 1738 (ex
2480 1683 2599 1728 'emen-

1489 1750 1629 1783 datione
1655 1749 1855 1794 Gomperzii
1879 1752 1917 1784 in
1940 1752 2029 1784 Mus.
2053 1751 2162 1784 Rhen.
2191 1752 2245 1791 13,
2277 1762 2311 1795 p.
2338 1751 2442 1795 477):
2475 1750 2539 1799 ἆγώ
2564 1751 2600 1784 δὲ

1488 1806 1561 1844 τοὺς
1585 1807 1692 1846 καλῶς
1720 1807 1913 1855 τεθνηκότας
1934 1809 1940 1851 Ι
1961 1806 2020 1856 ζῆν
2040 1808 2122 1856 φημὶ
2143 1808 2266 1854 μᾶλλον
2285 1814 2340 1842 τοῦ
2365 1808 2600 1851 βλέποντος

1490 1862 1544 1914 μὴ
1576 1863 1723 1904 καλῶς.
1781 1863 1909 1910 Fragm
1959 1866 2026 1901 599
2062 1864 2185 1900 Nauck
2221 1863 2279 1901 οὐκ
2312 1862 2368 1901 οὖν
2403 1864 2438 1900 τὸ
2472 1863 2516 1914 μὴ
2542 1862 2600 1914 ζῆν

1492 1927 1636 1969 κρεῖσσον
1660 1920 1718 1956 ἐστ’
1744 1922 1764 1969 ἠ
1790 1921 1864 1972 ζῆν
1886 1930 2044 1966 κακῶς;
2068 1923 2176 1967 Soph.
2200 1924 2273 1958 Pel.
2297 1924 2367 1957 445
2389 1922 2533 1957 Nauck:
2564 1923 2599 1957 τὸ

1494 1979 1537 2025 μὴ
1562 1981 1624 2026 γὰρ
1650 1980 1731 2014 εἰναι
1758 1986 1899 2027 κρεῖσσον
1924 1980 1944 2027 ἡ
1968 1982 2011 2014 τὸ
2047 1980 2120 2028 ζῆν
2156 1989 2302 2017 κακῶς.
2349 1982 2530 2013 Praeterea
2554 1983 2598 2013 cf.

1491 2038 1703 2082 epigramma
1726 2039 1821 2082 apud
1843 2040 1934 2072 Plut.
1959 2039 2078 2082 Pelop.
2105 2040 2123 2070 1
2144 2050 2153 2071 :
2201 2037 2232 2073 οἳ
2263 2037 2362 2073 θάνον
2386 2036 2459 2072 οὔτε
2482 2037 2517 2071 τὸ
2542 2035 2599 2085 ζῆν

1491 2094 1619 2143 θέμενοι
1653 2093 1752 2131 καλὸν
1774 2095 1846 2132 οὔτε
1869 2095 1906 2132 τὸ
1929 2095 2087 2145 θνήσκειν,
2108 2097 2114 2141 Ι
2148 2095 2233 2132 ἀλλὰ
2266 2096 2301 2131 τὸ
2324 2101 2425 2131 ταῦτα
2447 2094 2571 2130 καλῶ
2585 2107 2600 2134 ς

1494 2152 1640 2203 ἀμφότερ’
1679 2154 1848 2189 ἐκτελέσαι.
1896 2156 1981 2189 Xen.
2016 2157 2059 2189 de
2092 2155 2180 2200 Bep.
2217 2156 2298 2188 Lao.
2336 2157 2368 2195 9,
2396 2156 2413 2185 1
2452 2153 2539 2193 ἄξιον
2565 2152 2600 2186 δὲ

1492 2218 1548 2246 τοῦ
1583 2212 1765 2261 Λυκούργου
1790 2215 1841 2248 καί
1864 2213 1937 2248 τόδε
1974 2212 2179 2262 ἀγασθῆναι,
2198 2214 2251 2255 ,τὸ
2286 2210 2542 2261 κατεργάσασθαι
2566 2212 2599 2246 ὲν

1491 2270 1535 2319 τῇ
1558 2269 1651 2305 πόλει
1686 2270 1892 2320 αἱρετώτερον
1917 2270 1998 2306 εἰναι
2031 2271 2084 2305 τὸν
2124 2270 2221 2305 καλὸν
2257 2269 2394 2305 θάνατον
2431 2269 2500 2304 ἀντὶ
2529 2275 2599 2303 τοῦ

1493 2328 1667 2380 αἰσχροῦ
1691 2328 1792 2375 βίου.
1838 2330 1975 2365 Platon.
2001 2329 2130 2366 Criton.
2155 2332 2177 2366 8
2202 2328 2241 2366 οὐ
2264 2328 2300 2365 τὸ
2325 2327 2383 2379 ζῆν
2406 2326 2480 2378 περὶ
2503 2326 2598 2363 πλεί-

1492 2399 1565 2422 στου
1589 2388 1757 2436 ποιητέον,
1791 2388 1876 2422 ἀλλὰ
1907 2388 1950 2422 τό
1984 2386 2028 2421 εὖ
2054 2387 2143 2438 ζῆν.
2190 2389 2300 2421 Alcib.
2326 2389 2352 2427 Ι,
2380 2389 2419 2419 11
2446 2385 2521 2420 οὐδὲ
2539 2384 2598 2434 ζῆν

1493 2446 1530 2481 ἂν
1547 2447 1647 2496 ἔγωγε
1672 2446 1827 2495 δεξαίμην
1851 2445 1991 2486 δειλὸς
2015 2446 2077 2481 ὧν.

1538 2506 1594 2552 71)
1621 2507 1674 2540 El.
1710 2518 1741 2539 v.
1766 2506 1832 2540 257
1873 2513 1944 2545 πῶς
1979 2504 2041 2555 γὰρ
2065 2505 2135 2553 ἤτω
2171 2504 2304 2555 ιὺγινὴς
2338 2502 2430 2554 γυνή,
2450 2504 2457 2548 1
2477 2499 2600 2552 πατρῷ’

1492 2564 1600 2614 ὁρῶσα
1616 2562 1739 2613 πήματ’
1766 2565 1803 2601 οὐ
1828 2564 1916 2615 ὃρώῃ
1932 2562 2002 2601 τάδ’
2025 2564 2065 2599 ἄν
2080 2579 2109 2599 κ.
2127 2578 2154 2600 τ.
2175 2564 2205 2599 λ.
2230 2565 2300 2598 854
2318 2563 2355 2598 οὺ
2371 2561 2440 2606 ζῶ;
2463 2569 2601 2601 κακῶς

1495 2621 1586 2670 μὲν,
1609 2621 1688 2658 οἷδ’·
1725 2622 1951 2673 (ἐπαρκούντως
1977 2619 2005 2657 δ’
2027 2622 2108 2669 ὶμοί.
2157 2623 2226 2656 893
2249 2621 2373 2661 καλὸς
2403 2621 2466 2671 γὰρ
2502 2619 2600 2668 οὑμὸς

1495 2681 1620 2725 βίοτος,
1656 2680 1734 2721 ὥςτε
1756 2681 1921 2731 θωμάσαι
1955 2682 2058 2727 (quae
2092 2682 2225 2715 ironice
2259 2681 2352 2714 diota
2374 2680 2482 2725 sunt).
2531 2681 2599 2713 599

1494 2740 1514 2790 ἦ
1543 2739 1589 2780 ζῶ
1613 2740 1703 2785 βίον
1723 2741 1965 2790 μοχθηρόν,
1998 2741 2033 2774 Ξκ
2067 2753 2103 2774 τε
2136 2746 2192 2773 σοῦ
2226 2745 2375 2779 κακοῖς
2395 2741 2401 2783 Ι
2421 2739 2600 2777 πολλοῖς

1495 2799 1545 2833 ἀεὶ
1569 2798 1703 2839 ξυνοῦσα
1726 2804 1781 2834 τοῦ
1805 2811 1839 2833 τε
1864 2797 2025 2846 συννόμου.
2073 2799 2142 2832 818
2164 2796 2249 2832 ἀλλὰ
2268 2795 2348 2848 τῇδε
2369 2795 2449 2846 πρὸς
2465 2795 2552 2846 πύλῃ
2573 2797 2580 2832 Ι

1495 2854 1617 2906 vta-pate?
1653 2857 1793 2907 ἐμαυτὴν
1827 2856 1940 2903 ἄφιλος
1977 2855 2116 2891 αὐανῶ
2153 2854 2251 2899 βίον.
2299 2857 2369 2890 850
2403 2854 2494 2902 κάγὼ
2516 2851 2600 2888 τοῦδ’

1497 2914 1603 2964 ἴστωρ,
1641 2914 1829 2965 ὑπερίστωρ,
1850 2916 1857 2960 Ι
1877 2913 2104 2965 πανδύρτῳ
2149 2914 2357 2964 παμμήνῳ
2386 2912 2579 2955 πολλῶνΙ

1496 2974 1606 3008 δεινῶν
1633 2983 1770 3022 στυγνῶν
1794 2972 1817 3008 τ’
1844 2973 1988 3008 αἰῶνι.
2041 2975 2129 3007 1093
2149 2974 2219 3007 ἐπεί
2242 2971 2265 3006 o'
2292 2973 2452 3021 ὶφεύρηκα
2477 2972 2597 3019 μοίρᾳ

1753 3033 1880 3079 sosia
1900 3035 1906 3074 ι
1926 3032 2080 3077 mam.

1497 3033 1568 3077 μὲν
1594 3032 1664 3068 οὐκ
1688 3032 1728 3067 ἦν
