2882 3662
1273 77 1573 122 —7—

288 215 615 279 supplebimus
664 221 815 262 autem
855 230 1007 276 neque
1055 212 1252 278 ὼόμιθα
1305 230 1408 260 cum
1452 214 1699 261 scholiasta
1743 216 2035 273 recentiore„
2084 229 2234 276 neque
2283 212 2413 276 ἐσμὲν
2462 228 2565 258 cum

286 296 499 347 Nauckio
512 332 527 356 ,
583 295 666 344 sed
712 297 1090 357 interrogationis
1144 297 1532 343 constructionem
1580 298 1755 343 secuti:
1815 293 1908 340 ‘cdd'
1951 295 2030 340 οὐκ
2076 294 2142 340 ἐπ’
2187 295 2288 346 ἴσοις
2331 295 2566 356 τελοῦμεν,

285 379 347 426 ita
384 383 432 426 ut
479 378 526 425 in
562 374 775 441 ἀπόνητοι
821 392 931 425 usus
978 375 1320 439 praedicativus
1356 374 1478 423 idem
1526 382 1833 436 agnoscatur„
1889 377 2018 436 cujus
2064 375 2281 439 exempla
2329 377 2566 423 notissima

284 460 527 523 participia
574 457 740 505 κλαίων
785 465 831 505 et
879 457 931 504 οὔ
976 457 1142 522 χαίρων
1187 458 1478 522 suppeditant
1520 457 1600 518 ¹¹).
1683 459 2023 504 Sententiarum
2071 473 2189 504 vero
2238 460 2380 503 nexui
2431 472 2567 503 com-

284 544 556 588 memoratio
604 555 786 604 poenae
830 539 1200 603 Chrysothemidi
1248 543 1523 588 imminentis
1571 555 1763 604 prorsus
1809 540 2154 598 accommodata
2192 547 2274 587 est.
2348 539 2408 586 Ut
2444 541 2566 585 enim

287 630 427 686 poeta
461 638 487 669 a
512 624 853 684 vituperatione
877 622 1121 683 impietatis
1145 622 1540 685 Chrysothemidis
1564 625 1740 669 initium
1766 624 1887 684 capit
1912 629 1958 668 et
1982 622 2120 668 laude
2144 624 2325 683 pietatis
2349 621 2568 667 Electrae

285 718 476 751 carmen
513 701 709 762 claudit„
764 703 828 748 ita
873 703 1109 764 praemio„
1165 702 1287 765 quod
1322 702 1540 751 Electrae
1578 702 1661 751 suh
1699 702 1836 750 finem
1874 704 2089 749 carminis
2125 709 2316 764 propter
2351 704 2568 764 pietatem

289 790 432 847 optat,
457 799 608 846 poena
635 782 1006 846 Cthsothemidi
1029 791 1221 847 propter
1245 786 1524 847 impietatem
1548 787 1789 831 imminens
1815 787 1861 830 in
1886 785 2013 829 initio
2040 785 2255 830 carminis
2281 796 2569 829 commemo—

288 871 391 912 rata
418 864 680 928 respondet.
754 862 1034 925 Compositio
1059 866 1199 925 igitur
1230 867 1366 912 totius
1402 867 1618 912 carminis
1655 865 1773 910 haec
1808 871 1895 922 est„
1932 870 1981 909 ut
2015 878 2108 910 non
2145 863 2293 910 solum
2329 866 2376 909 in
2412 864 2570 909 metris

289 944 645 1008 antistrophicus
694 943 809 991 ordo
858 950 1101 1004 cernatur,
1157 945 1240 993 sed
1287 947 1423 992 etiam
1473 947 1729 992 sententiae
1775 946 2013 992 sententiis
2060 945 2190 1007 quasi
2235 943 2486 991 demensae
2525 948 2570 988 et

289 1026 511 1090 aequales
547 1024 872 1089 respondeant.
924 1025 1058 1084 Quod
1095 1032 1246 1074 autem
1284 1025 1337 1074 G.
1370 1026 1664 1076 Hermannus
1702 1039 1899 1088 gravem
1934 1025 2057 1074 illam
2084 1024 2215 1074 Jovis
2251 1039 2308 1073 ac
2337 1023 2570 1073 Themidis

286 1105 643 1156 obtestationem
678 1105 898 1168 frigidam
932 1104 1037 1154 fore
1073 1107 1120 1155 in
1157 1120 1214 1155 ea
1251 1108 1509 1168 sententia,
1558 1120 1692 1171 quam
1729 1107 2056 1170 exposuimus„
2101 1103 2420 1164 existimabat,
2477 1118 2571 1153 non

284 1189 519 1252 reputavit
543 1188 619 1235 vir
647 1200 866 1249 summus,
906 1201 1063 1235 curam
1088 1192 1329 1251 parentum
1356 1202 1420 1237 ex
1445 1186 1731 1238 Graecorum
1759 1187 1986 1237 sententia
2011 1184 2270 1236 hominibus
2302 1187 2571 1250 imperatam

286 1283 393 1318 esse
434 1268 546 1330 lege
582 1281 678 1316 non
715 1270 885 1334 scripta
917 1266 1019 1328 ¹²).,>
1040 1268 1174 1330 leges
1205 1275 1356 1318 autem
1387 1284 1482 1318 non
1519 1271 1713 1333 scriptas
1749 1268 1933 1333 abipso
1957 1269 2077 1317 Jove
2114 1270 2342 1329 originem
2381 1267 2571 1327 ducere„

292 1363 545 1412 earumque
581 1348 840 1399 violatores
878 1348 934 1397 ab
991 1351 1092 1413 ipso
1128 1349 1249 1399 Jove
1285 1352 1439 1414 puniri
1468 1348 1550 1411 ¹³).
1622 1349 1784 1413 Neque
1820 1352 1970 1412 magis
2006 1349 2275 1397 Hermanno
2313 1348 2573 1396 concedere

289 1445 497 1495 possum„
536 1428 810 1478 adverbium
834 1428 964 1495 δαρὸν
989 1431 1128 1494 plane
1152 1430 1257 1479 fore
1282 1447 1701 1496 supervacaneum.>
1738 1434 1827 1481 nisi
1865 1431 1923 1479 ad
1946 1431 2223 1493 Aegisthum
2255 1437 2301 1478 et
2327 1429 2574 1494 Clytaem-

286 1517 490 1558 nestram
527 1517 773 1574 spectaret.
847 1511 959 1558 Sine
998 1511 1135 1559 dubio
1173 1516 1295 1559 enim
1329 1515 1399 1561 vis
1444 1515 1701 1560 sententiae
1739 1513 2002 1575 generalis„
2054 1528 2142 1577 qua
2179 1512 2347 1559 chorus
2386 1510 2443 1557 ad
2480 1526 2573 1557 no-

288 1593 474 1638 tandam
499 1592 897 1656 Chrysothemidis
920 1596 1200 1658 impietatem
1237 1597 1404 1655 utitur,
1442 1609 1501 1642 eo
1527 1601 1722 1657 augetur
1736 1627 1752 1654 s
1790 1595 1911 1658 quod
1930 1594 2119 1654 dicitur,
2157 1594 2260 1641 fore
2297 1607 2389 1641 non
2425 1592 2573 1641 solum

286 1681 336 1721 ut
372 1674 597 1721 eiusmodi
634 1676 844 1738 impietas
880 1677 1120 1738 puniatur,
1158 1675 1243 1724 sed
1280 1677 1419 1723 etiam
1452 1681 1502 1723 ut
1532 1688 1627 1723 non
1664 1675 1739 1723 diu
1774 1676 1994 1738 impunita
2031 1680 2227 1723 maneat.

427 1751 607 1814 Qhorus
631 1756 874 1813 postquam
900 1749 1299 1813 Chrysothemidis
1329 1752 1608 1814 impietatem
1633 1752 1916 1814 vituperavit
1939 1764 2227 1814 poenamque
2253 1751 2297 1797 ei
2333 1752 2572 1797 imminere

289 1830 597 1891 significavit„
634 1830 823 1877 Famam
860 1832 1050 1878 invocat
1085 1846 1282 1894 eamque
1318 1838 1483 1893 rogat,
1516 1839 1564 1878 ut
1598 1836 1774 1880 tristem
1811 1834 2016 1878 nuntium
2049 1831 2222 1878 Atridis
2260 1831 2451 1877 afferat:

1117 1944 1155 1994 ὦ
1190 1945 1350 2012 χθονία
1375 1947 1561 2012 βροτοῖσι
1585 1948 1677 2012 φά-

1118 2045 1205 2091 μα,
1240 2029 1351 2074 κατά
1376 2045 1447 2091 μοι
1483 2027 1641 2091 βόασον
1668 2028 1764 2076 οἰκ-

1119 2107 1225 2173 τρὰν
1252 2106 1339 2156 ὄπα
1361 2116 1454 2162 τοῖς
1478 2109 1625 2175 ἔνερθ’
1649 2108 1833 2175 Ἀτρεί-

1124 2189 1243 2251 δαις,
1281 2189 1503 2256 ἀχόρευτα
1526 2190 1702 2257 φέρουσ’
1731 2189 1890 2257 ὀνείδη.

295 2305 395 2363 Quo
433 2307 480 2351 in
517 2306 622 2352 loco
651 2308 813 2368 gravis
844 2313 913 2355 est
945 2307 1171 2358 dissensio
1210 2296 1512 2371 interpretum
1543 2308 1601 2356 de
1632 2323 1773 2357 sensu
1801 2308 1993 2372 pluralis
2028 2315 2118 2361 τοῖς
2143 2307 2287 2374 ἔνερθ’
2311 2307 2571 2373 Ἀτρείδαις.

296 2386 447 2450 Atque
473 2385 756 2449 Hartungius
787 2387 853 2448 ¹⁴)
892 2388 1075 2451 quidem
1099 2402 1182 2437 eos
1207 2389 1440 2450 intelligit,
1467 2404 1581 2452 quos
1606 2391 1872 2438 sexcenties
1900 2389 2086 2439 Atridas
2111 2392 2339 2438 nominari
2376 2396 2570 2449 constat„

293 2466 693 2527 Agamemnonem
723 2474 769 2515 et
792 2468 1071 2516 Menelaum.
1127 2468 1274 2525 Quem
1298 2484 1508 2517 errorem
1533 2484 1626 2516 non
1665 2472 1968 2518 commisisset
2003 2474 2077 2518 vir
2111 2471 2288 2530 doctus,
2328 2473 2366 2518 si
2403 2472 2570 2517 memi-

299 2548 460 2607 nisset„
499 2546 748 2595 secundum
767 2547 1016 2596 Homerum
1035 2547 1299 2597 Menelaum
1334 2556 1437 2613 post
1472 2549 1743 2600 interfectos
1779 2550 2056 2612 Aegisthum
2091 2557 2136 2599 et
2156 2550 2571 2614 Clytaemnestram

339 2752 395 2797 11)
420 2753 590 2797 Exempla
605 2754 803 2797 Sophoclea.
817 2764 840 2786 a
855 2754 956 2787 nobis
973 2758 1137 2799 congesta.
1159 2755 1316 2789 invenies
1340 2756 1396 2788 in:
1517 2755 1573 2802 13)
1599 2756 1707 2800 Soph.
1734 2756 1820 2790 Oed.
1845 2756 1928 2802 Reg.
1953 2767 1984 2789 v.
2009 2756 2077 2789 863
2103 2766 2178 2802 sqq.

302 2809 610 2859 Verbandhmqm
632 2812 699 2848 ἅθ’·
722 2812 872 2848 Wiener
884 2811 1397 2862 Philoloqenversmnmhmq.
1516 2827 1574 2869 14)
1600 2827 1646 2859 aa
1667 2838 1699 2859 v.
1725 2827 1814 2860 1042
1878 2826 1978 2862 ‚Der
2004 2825 2097 2872 Rus
2108 2825 2185 2862 soll
2203 2826 2272 2862 den
2297 2827 2459 2863 Atriden
2486 2829 2568 2872 (be-

304 2867 411 2904 Wien
436 2869 546 2904 1359·
564 2881 604 2917 P·
633 2870 706 2912 49³
731 2869 817 2905 ‘'d'‘-
846 2869 933 2905 134·
1469 2882 1664 2919 kanntlich
1681 2884 1942 2933 Agamemnon
1966 2883 2047 2919 und
2055 2883 2267 2929 Menelaos)
2287 2886 2325 2920 in
2345 2885 2403 2921 die
2433 2886 2572 2922 Unter-

341 2938 397 2983 12)
421 2938 508 2972 Xen.
532 2939 632 2973 Mem.
656 2940 697 2980 4,
724 2940 764 2981 4,
787 2940 845 2974 20.
894 2939 1149 2985 Naegelsbach,
1180 2939 1398 2977 nachhome-
1469 2940 1554 2977 mel!
1576 2941 1855 2978 hmabschreien
1878 2942 1937 2978 die
1962 2942 2120 2989 Kunde,
2155 2942 2242 2979 dass
2265 2942 2333 2979 das
2357 2942 2467 2980 Hans
2491 2957 2571 2981 zer-

290 2994 409 3032 rische
439 2994 645 3046 Theoloqie.
677 2994 885 3033 Abschm'tt
910 2998 941 3032 1.
973 2998 1009 3045 §.
1034 2998 1094 3032 51.
1117 3000 1175 3033 52.
1469 3002 1589 3037 mittet
1612 3001 1696 3038 seis
