2882 3662
1333 130 1669 179 “24-

347 271 597 318 lectionem
634 270 873 331 vulgatam
909 269 1049 316 αἰῶνα
1071 269 1214 318 κοινόν
1247 270 1429 319 facilius
1453 284 1516 317 ex
1541 268 1664 318 αἰῶν’
1692 269 1836 318 ἄοικον
1873 274 1984 318 oriri
2008 275 2239 335 potuisse,
2278 286 2412 335 quam
2449 286 2512 319 ex
2553 271 2637 320 αἰῶ

347 351 555 399 σύνοικον.
600 351 938 412 ConJungenda
975 357 1126 398 autem
1163 351 1311 399 verba
1348 366 1404 398 ea
1440 352 1619 398 ratione
1648 356 1770 410 sunt,
1807 357 1854 397 ut
1889 366 1983 398 non
2021 351 2129 399 αἰὼν
2153 352 2433 417 πάγκλαοτος
2457 352 2634 400 dicatur

348 431 510 490 ἄοικος,
548 432 630 480 sed
655 431 766 479 αἰὼν
792 431 936 482 ἄοικος
972 431 1149 478 dicatur
1184 431 1477 495 πάγκλαυτος,
1514 445 1710 493 eumque
1748 433 1994 479 verissime
2031 434 2091 479 ita
2130 432 2219 480 dici
2255 448 2391 481 nemo
2428 432 2635 495 negabit,

350 515 425 575 qui
465 514 655 560 exilium
693 528 756 560 ex
794 514 1022 560 sententia
1059 519 1272 560 veterum
1311 514 1468 560 mortis
1504 513 1650 560 instar
1689 527 1793 560 esse
1830 515 2129 576 reputaverit.

486 594 637 642 Vitam
676 596 891 643 miseram
928 593 1133 656 elegisse
1167 594 1332 642 dicitur
1368 593 1556 641 Electra
1592 590 1645 639 τὸ
1669 593 1730 660 μὴ
1754 594 1891 642 καλὸν
1915 594 2232 642 καθοπλίσασα.
2284 596 2415 655 Quae
2453 594 2632 658 quidem

347 676 496 723 verba
534 678 761 724 maximas
807 675 1099 723 difficultates
1148 674 1473 738 interpretibus
1519 674 1863 722 obstruxerunt.
1937 675 2063 722 Inter
2111 677 2245 723 varia
2294 675 2628 739 interpretandi

347 759 589 803 conamina
627 759 728 804 sine
767 756 861 803 ullo
897 755 1034 803 dubio
1072 771 1127 802 ea
1167 756 1420 816 rejicienda
1464 761 1597 813 sunt,
1647 770 1764 818 quae
1801 755 1950 804 verbo
1985 754 2298 815 καθοπλίζειν,
2356 756 2477 819 quod
2513 754 2634 803 idem

345 837 476 884 valet
519 852 574 884 ac
622 836 885 884 Latinorum
931 851 1111 883 armare
1141 832 1239 896 ο11),
1296 836 1677 897 significationem
1727 836 2053 899 oppugnandi,
2109 838 2246 884 armis
2283 836 2628 899 prosternendi,

345 917 615 965 tribuerunt.
663 917 967 980 Interpretes,
1006 919 1081 978 qui
1119 918 1196 963 tali
1222 919 1403 963 ratione
1436 915 1748 964 difficultatem
1777 916 2002 979 expedire
2039 916 2340 977 conabantur,
2379 916 2626 964 scholiasta

341 997 675 1046 Laurentianus
703 996 792 1057 ⁰⁷),
832 1012 1028 1059 eumque
1066 1000 1211 1045 secuti
1249 997 1513 1045 Dindorfius
1530 994 1628 1057 ⁰⁸),
1667 996 1938 1046 Wunderus
1967 995 2056 1058 ὀ),
2095 998 2481 1046 Schneidewinus
2524 995 2630 1057 ¹⁰⁰),

343 1077 614 1127 Luebkerus
646 1077 755 1138 ¹⁰¹),
796 1078 1155 1141 Capellmannus
1187 1077 1296 1138 101),
1334 1078 1493 1127 verbis
1525 1077 1576 1126 τὸ
1603 1078 1663 1143 μὴ
1687 1076 1824 1126 καλὸν
1850 1080 2059 1127 inimicos
2085 1079 2321 1139 Electrae,
2357 1078 2628 1141 Aegisthum
2700 1125 2702 1128 .

342 1166 387 1206 et
402 1160 842 1223 Clytaemnestram,
869 1159 1119 1220 significari
1145 1159 1481 1207 existimabant.
1521 1158 1667 1216 Quam
1688 1161 2115 1223 interpretationem
2141 1162 2383 1223 quominus
2408 1174 2492 1224 pro
2518 1174 2635 1207 vera

341 1240 564 1299 habeam,
604 1241 649 1288 id
670 1256 743 1287 me
781 1247 968 1304 praeter
1000 1243 1258 1288 inusitatam
1296 1239 1433 1288 verbi
1469 1239 1752 1292 καθοπλίζειν
1790 1243 2023 1287 notionem
2060 1242 2265 1304 impedit,
2304 1241 2424 1305 quod
2462 1240 2633 1289 locutio

339 1320 391 1368 τὸ
426 1323 486 1388 μὴ
511 1321 667 1381 καλόν,
704 1337 791 1384 qua
819 1322 1080 1385 Sophocles
1118 1336 1258 1370 sensu
1284 1321 1513 1370 abstracto
1540 1323 1678 1368 utitur
1709 1319 1819 1381 ¹⁰³),
1858 1337 1951 1368 non
1977 1324 2124 1382 magis
2161 1322 2371 1369 homines
2406 1321 2633 1369 scelestos

340 1402 590 1463 designare
617 1409 796 1465 potest,
838 1417 970 1464 quam
995 1402 1046 1449 τὸ
1070 1400 1204 1448 καλὸν
1242 1401 1452 1449 homines
1476 1401 1713 1449 honestos.
1794 1402 1949 1464 Atque
1985 1401 2074 1448 hoc
2100 1402 2283 1465 quidem
2310 1408 2628 1464 argumentum

345 1483 396 1529 G.
426 1483 681 1529 Hermanni
720 1497 901 1546 quoque
940 1484 1304 1546 interpretationi
1331 1481 1498 1541 obstat,
1537 1485 1611 1544 qui
1648 1482 1846 1529 verbum
1867 1482 2067 1544 »quidem
2103 1482 2385 1534 καθοπλίζειν
2424 1482 2631 1528 armandi

340 1580 480 1611 sensu
519 1567 715 1626 accepit,
755 1563 838 1610 sed
876 1564 1152 1610 locutionem
1176 1562 1226 1610 τὸ
1267 1561 1326 1627 μὴ
1351 1560 1488 1609 καλὸν
1521 1562 1804 1615 καθαπλίζειν
1831 1577 1889 1610 eo
1926 1577 2067 1611 sensu
2104 1563 2267 1610 dictam
2306 1578 2411 1611 esse
2439 1564 2635 1623 censuit,

340 1650 386 1689 ut
406 1643 595 1690 Electra
620 1644 817 1699 ‚‚sce1us,
843 1644 884 1688 Ιι.
906 1660 943 1689 e.
963 1644 1221 1699 Aeyistlmm
1244 1650 1287 1688 et
1310 1643 1720 1701 Clytemestram,
1747 1658 1938 1699 amare,
1964 1644 2005 1689 h.
2027 1659 2063 1690 e.
2092 1645 2154 1690 ad
2175 1645 2501 1690 dimicationem
2521 1659 2635 1701 pro-

339 1730 547 1776 vocare“,
568 1725 801 1772 diceretur
823 1722 927 1782 ¹⁰⁴).
955 1725 1208 1771 Praeterea
1232 1729 1381 1768 autem
1408 1726 1453 1769 in
1474 1724 1721 1780 judicanda
1740 1724 1827 1770 hac
1845 1724 2224 1787 interpretatione
2245 1724 2545 1784 reputandum
2567 1730 2638 1771 est

383 1831 441 1876 96)
467 1832 511 1865 cf.
536 1831 659 1864 Aesch.
698 1832 735 1871 in
762 1830 850 1864 Otes.
890 1831 946 1870 75,
982 1831 1037 1862 33.
1099 1831 1189 1864 Plut.
1228 1830 1364 1864 Camill.
1401 1830 1447 1863 34

335 1886 527 1938 ἠναγκάσθη
563 1889 615 1923 καὶ
653 1887 726 1926 τοὺς
762 1886 820 1922 οὐκ
844 1887 877 1921 ἐν
914 1886 985 1936 ὥρᾳ
1007 1894 1073 1921 τῶν
1097 1887 1250 1931 πολιτῶν,
1286 1885 1355 1922 ἀλλ’
1382 1885 1447 1937 ἤδη

336 1943 577 1995 προβεβηκότας
601 1943 805 1981 attonitam.
861 1945 977 1979 Medio
1013 1943 1285 1987 καθοπλίσασθαι,
1322 1957 1359 1978 se
1395 1956 1448 1978 ar·

335 2015 440 2044 mare,
464 2005 573 2037 utitur
596 2004 718 2047 Polyb.
743 2003 776 2044 3,
800 2002 857 2044 62,
883 2002 915 2036 7.
965 2003 998 2044 3,
1023 2005 1079 2044 67,
1103 2003 1135 2036 2.
1188 2004 1241 2044 11,
1265 2003 1320 2043 22,
1347 2004 1378 2036 7.

382 2062 441 2106 97)
466 2062 583 2097 Schol.
608 2062 712 2094 Laur.
737 2063 782 2093 ad
815 2072 848 2093 v.
875 2061 964 2095 1087
1014 2060 1059 2094 Τὸ
1091 2060 1135 2110 μὴ
1167 2059 1265 2095 καλὸν
1288 2058 1450 2095 καθοπλί-

334 2117 428 2163 σασα]
467 2118 762 2168 καταπολιμήσασα
784 2119 820 2153 τὸ
845 2118 975 2168 αἰσχρὸν
998 2119 1053 2152 καὶ
1076 2117 1229 2166 νικήσασα
1242 2129 1250 2137 ·
1289 2117 1354 2153 οἷον
1377 2118 1450 2157 τοὺς

336 2175 473 2226 ἐχθροὺς
497 2176 791 2224 ιιατταγιιηισαιιᾶνηο

380 2235 441 2279 98)
465 2235 670 2268 Dindorfius
695 2235 740 2268 ad
765 2246 797 2267 v.
827 2235 913 2269 1087
941 2232 1187 2277 ,,καοοπλίζιιν,
1213 2236 1306 2279 quod
1318 2246 1450 2268 armare

336 2293 530 2337 significat,
567 2293 796 2337 oppugnandi
836 2293 1092 2337 significatione
1123 2292 1211 2326 dixit
1245 2293 1451 2337 Sophocles,

336 2351 367 2384 si
392 2362 478 2384 sana
502 2352 618 2391 lectio,
643 2352 686 2384 de
711 2362 780 2394 quo
806 2361 918 2394 neque
941 2361 1005 2394 ego
1030 2351 1162 2391 dubito,
1186 2361 1249 2383 nee
1273 2350 1453 2384 dubitabat

335 2409 621 2443 Valckenarius.“

382 2467 441 2511 99)
465 2466 662 2500 Wunderus
687 2468 732 2500 ad
756 2478 787 2500 v.
817 2468 906 2502 1069
931 2478 981 2511 sq.
1022 2467 1118 2509 „Etsi
1143 2468 1254 2501 fateor
1276 2479 1331 2501 me
1354 2469 1453 2512 igno·

334 2535 430 2564 rare,
456 2526 630 2568 quomodo
653 2523 861 2564 καθοπλίζιιν
885 2526 953 2558 isto
978 2536 1082 2559 sensu
1107 2526 1267 2569 usurpari
1290 2526 1453 2569 potuerit,

334 2586 450 2615 tamen
484 2582 573 2615 illud
610 2583 724 2623 video,
761 2582 936 2624 ejusmodi
968 2584 1073 2628 quid,
1110 2584 1214 2628 quale
1247 2584 1452 2618 scholiastes

334 2642 465 2685 posuit,
502 2642 572 2674 dici
609 2652 631 2673 a
667 2643 773 2674 choro
810 2643 868 2674 hic
904 2642 1073 2675 debuisse.
1133 2641 1222 2674 Nam
1258 2641 1289 2674 si
1324 2652 1452 2677 nexum

333 2698 439 2732 totius
478 2698 548 2732 loci
585 2699 853 2739 consideramus,
889 2711 1029 2733 sensnm
1052 2701 1233 2733 verborum
1265 2700 1299 2732 το
1334 2700 1379 2750 μὴ
1406 2719 1449 2725 —-

332 2754 510 2806 κεκλῆσθαι
543 2767 615 2790 non
647 2768 752 2802 posse
787 2757 896 2792 alium
920 2769 1025 2803 quam
1058 2758 1151 2792 hunc
1182 2769 1260 2792 esse
1283 2759 1448 2803 intelligi-

333 2826 410 2848 mus
423 2827 434 2848 ι
457 2818 515 2856 ut,
538 2815 572 2850 si
597 2815 649 2857 id,
675 2815 780 2865 quod
798 2819 909 2865 turpe
932 2819 1010 2859 est,
1035 2827 1306 2865 oppugnasse-9,
1331 2815 1448 2864 dupli-

333 2885 414 2909 cem
437 2871 586 2910 laudem
610 2886 687 2909 una
709 2885 748 2910 re
772 2885 1053 2924 consequerer-e,
1077 2873 1279 2922 eademque
1301 2873 1452 2922 sapiens

332 2934 370 2968 el
388 2931 459 2979 pia
478 2929 561 2978 filia
585 2930 762 2968 dicer-ere.
816 2935 929 2968 Sumit
951 2935 1089 2973 chorus,
1113 2933 1209 2977 quod
1241 2934 1320 2976 ipsa
1344 2932 1450 2977 Chry-

333 2991 500 3023 sothemis
541 2990 669 3024 diserte
705 3001 811 3034 supra.
846 2992 935 3024 dixit
972 2992 1225 3034 1003-1010‚
1267 3001 1338 3024 non
1374 2992 1451 3026 sinc

331 3048 427 3082 vitae
449 3049 608 3093 periculo
633 3049 805 3084 Electram
830 3060 1049 3098 oppugnare
1072 3049 1194 3085 accim
1219 3047 1315 3084 illud
1335 3060 1450 3091 posse.

1566 1829 1647 1873 100)
1673 1829 1957 1864 Schneidewinns
1982 1830 2028 1862 ad
2053 1841 2085 1863 v.
2112 1831 2203 1865 1058
2228 1841 2280 1876 sq.
2318 1840 2410 1873 „um
2427 1840 2502 1866 nur
2518 1829 2637 1867 durch

1520 1885 1793 1935 Bektimpsianq
1832 1885 1900 1922 der
1925 1885 2284 1934 Niclatmurdiqkeit
2325 1887 2396 1922 den
2437 1886 2635 1936 doppelten

1521 1943 1649 1981 Ruhm
1671 1955 1722 1981 zu
1746 1942 1949 1981 &adtenf‘
1997 1945 2043 1979 ad
2066 1956 2098 1979 v.
2124 1945 2216 1980 1085
2240 1956 2293 1989 sq.
2331 1956 2466 1986 ,menn
2489 1946 2544 1980 sie
2566 1956 2642 1980 nur

1520 2002 1589 2038 das
1619 2001 1757 2037 Unedle
1781 2000 1975 2050 bekcimps!
1998 2001 2080 2037 und
2098 2000 2202 2038 ihren
2239 2000 2365 2038 Ruhm
2388 2004 2543 2038 νσίίσί.η
2591 2003 2638 2037 ad

1520 2073 1553 2094 v.
1579 2062 1671 2096 1086
1694 2072 1745 2106 sq.
1794 2059 1893 2102 „mit
1928 2059 2167 2107 bemaffioeter
2206 2058 2326 2096 Hand
2356 2058 2636 2106 niedermerfen.

1520 2118 1600 2156 Ein
1624 2116 1729 2156 kann
1748 2122 1974 2167 qeneuerter
2002 2117 2199 2153 Gebmucla
2222 2128 2296 2153 von
2319 2116 2489 2152 καθοπλ.“

1569 2177 1649 2222 101)
1672 2177 1873 2211 Luebkerus
1897 2177 1920 2211 1.
1947 2188 1975 2211 c.
2001 2188 2035 2221 p.
2066 2178 2110 2209 15
2158 2175 2241 2217 „sie
2264 2175 2368 2217 aber,
2391 2175 2460 2210 mit
2489 2174 2634 2220 Gefahr

1520 2234 1585 2270 des
1608 2233 1758 2270 Lebens
1782 2232 1851 2269 das
1868 2232 1968 2270 Bose
1986 2231 2244 2281 bekdmpfend‚
2268 2232 2420 2269 ermirht
2437 2231 2517 2268 sich
2536 2231 2624 2279 dop-

1516 2291 1645 2340 peIten
1672 2292 1838 2328 Ruhmf‘

1571 2351 1652 2396 102)
1688 2350 1957 2396 Capellmannus
1992 2352 2015 2383 l.
2054 2363 2081 2384 c.
2119 2363 2152 2394 p.
2190 2351 2238 2383 20
2297 2348 2415 2390 „dass
2437 2349 2491 2384 sie
2517 2377 2523 2383 .
2553 2375 2562 2384 .
2590 2378 2598 2385 .
2629 2375 2637 2384 .

1523 2409 1605 2445 und
1625 2406 1877 2457 bekdmpfend
1896 2407 2028 2444 immet·
2053 2407 2121 2444 das
2151 2405 2289 2443 Unedle
2312 2406 2381 2442 den
2407 2405 2635 2452 zweifachen

1529 2466 1685 2503 Gavinn
1707 2470 1854 2502 erutef‘

1572 2524 1652 2570 103)
1679 2525 1786 2569 Soph.
1811 2526 1928 2571 Antig.
1957 2537 1989 2559 v.
2015 2525 2084 2561 370
2133 2524 2270 2567 ἄπολις,
2308 2523 2372 2569 ’ὀτῳ
2394 2523 2439 2558 τὸ
2477 2522 2530 2571 μή
2566 2536 2636 2556 κα-

1524 2582 1595 2617 λὸν
1616 2584 1621 2626 Ι
1643 2582 1763 2621 ξύνεστι
1786 2583 1906 2630 τόλμας
1929 2583 2032 2633 χάριν.

1573 2641 1653 2686 104)
1692 2642 1810 2676 Herm.
1847 2643 1893 2675 ad
1927 2655 1959 2675 v.
1998 2643 2086 2676 1074
2150 2643 2240 2683 „Sed
2272 2652 2344 2673 non
2378 2651 2465 2685 opus
2500 2640 2635 2673 videtur

1520 2700 1728 2741 mutatione,
1765 2699 1867 2734 modo
1892 2700 1978 2735 haec
2013 2702 2117 2734 verba
2150 2701 2196 2734 ad
2227 2700 2470 2744 praecedentia.
2493 2699 2634 2739 referas,

1520 2762 1559 2791 ut
1582 2769 1705 2793 sensus
1742 2760 1808 2794 sit:
1851 2758 1907 2796 ita
1941 2762 1984 2796 tu
2020 2769 2169 2808 quoque
2203 2755 2404 2794 illaetabile
2440 2768 2633 2793 commune

1514 2817 1642 2863 fatum
1660 2816 1890 2865 praetulisti,
1914 2816 2035 2853 scelus
2059 2827 2226 2859 amm,
2250 2818 2294 2852 ut
2312 2812 2495 2864 duchem
2513 2812 2635 2861 ferres

1520 2873 1682 2918 laedent,
1706 2875 1889 2925 simulque
1911 2880 1947 2911 et
1970 2876 2121 2923 sapiens
2145 2878 2182 2911 et
2205 2873 2346 2921 optima
2358 2871 2442 2920 filia
2462 2870 2635 2908 dicem-e.

1519 2935 1663 2968 Amare
1686 2935 1778 2968 enim
1802 2945 1907 2978 quum
1932 2934 2058 2968 dicitur
2080 2934 2218 2968 Electra
2235 2932 2359 2973 scelus,
2377 2931 2415 2965 id
2431 2933 2527 2975 patet
2544 2929 2634 2964 idem

1520 3003 1596 3026 esse
1621 3003 1661 3026 ac
1687 3004 1876 3036 provocare
1901 2993 1946 3026 ad
1968 2993 2235 3032 dimicationem,
2272 2990 2370 3032 cujus
2407 2992 2558 3022 incertus
2582 2992 2635 3020 est

1520 3054 1686 3083 eventus:
1719 3051 1811 3084 unde
1835 3054 1977 3084 mortem
2001 3051 2064 3083 illa
2087 3053 2310 3094 praeoptasse
2335 3047 2493 3081 dicitur!
