2882 3662
1255 61 1588 110 ...21—

295 214 410 263 quae
447 206 598 247 tamen
638 198 900 263 explicandi
945 201 1063 248 ratio
1096 207 1142 248 et
1188 201 1288 264 ipsa
1323 199 1570 261 rejicienda
1605 208 1702 260 est„

289 282 476 328 tiatione
515 281 748 328 conciliari
792 296 882 327 non
924 288 1104 345 potest,
1151 283 1239 329 nisi
1275 280 1416 329 αἰῶνα
1450 282 1728 343 πάγκλαυτον
1780 283 1837 330 de
1873 289 2022 330 morte
2068 284 2388 343 intellexeris„
2447 285 2566 348 quod

290 361 455 410 falsum
505 377 609 411 esse
652 376 762 409 mox
805 361 1078 413 videbimus.
1149 361 1552 426 Acquiescendum
1601 369 1672 411 est
1709 365 1847 425 igitur
1883 366 1930 411 in
1968 363 2162 412 Nauckii
2199 367 2452 425 sententia„
2504 381 2568 414 ex

289 457 376 506 qua
413 442 559 491 verba
595 443 684 495 ζῶν
717 452 861 496 κακῶς
906 443 962 490 de
1006 446 1100 492 vita
1146 446 1266 507 turpi
1312 444 1428 492 dicta
1472 450 1602 503 sunt,
1651 446 1711 491 ita
1760 451 1808 491 ut
1857 445 2026 494 chorus
2071 447 2302 493 neminem
2351 445 2566 494 nobilium

291 525 387 572 vita
424 526 542 589 turpi
579 524 773 587 gloriam
811 524 1146 574 commaculare
1192 524 1321 574 velle
1358 524 1484 573 dicat.
1559 524 1716 573 Facile
1766 532 1915 574 autem
1965 532 2157 590 apparet
2204 528 2341 575 vitam
2389 534 2567 592 turpem

289 620 390 654 eam
443 606 717 670 significari,
773 621 905 670 quam
943 606 1518 673 Chrysothemidi-Electra
1575 606 1957 670 exprobraverat.
2043 607 2392 671 Chrysothemis
2446 611 2567 657 enim

289 688 478 736 mollitie
507 690 683 751 ingenii
719 686 908 751 quadam
946 694 992 735 et
1028 688 1259 736 timiditate
1296 687 1508 736 muliebri
1540 688 1670 735 ducta
1696 691 1828 735 matri
1867 691 2056 752 ejusque
2094 692 2255 737 marito
2293 689 2566 754 obsequen-

288 775 379 816 tem
422 785 472 818 se
506 769 753 833 praebebat
790 766 876 828 72),
914 768 1100 817 Electra
1125 776 1286 817 contra
1320 772 1586 818 servitutem
1624 769 1747 816 illam
1787 772 2046 831 aegerrime
2084 770 2264 818 ferebat
2298 778 2568 835 turpemque

289 850 372 898 sibi
410 866 514 900 esse
552 850 770 899 censebat
810 848 894 910 ⁷³).

428 931 573 990 Quum
621 947 731 981 usus
769 931 1048 995 prolepticus
1097 930 1311 993 adjectivi
1347 931 1544 996 νώνυμος
1579 930 1887 979 difficultatem
1935 946 2028 978 non
2073 930 2237 979 habeat
2274 929 2366 993 ⁷⁴),
2415 948 2565 996 neque

285 1015 359 1073 sit‚
397 1030 478 1060 cur
515 1014 572 1060 de
609 1014 807 1060 lectione
844 1028 1038 1061 versus:
1077 1014 1292 1076 νώνυμος,
1330 1012 1370 1059 ὦ
1392 1020 1472 1059 παῖ
1493 1019 1588 1071 παῖ,
1624 1012 1877 1060 dubitemus
1907 1011 1995 1072 75),
2034 1015 2181 1060 statim
2218 1014 2274 1060 ad
2311 1028 2411 1060 eam
2449 1028 2565 1061 sen-

292 1096 477 1141 tentiam
516 1094 897 1158 interpretandam
936 1093 1226 1154 accedemus„
1274 1109 1362 1156 qua
1410 1093 1641 1141 Electram
1692 1093 1938 1141 secundum
1976 1094 2186 1154 regulam
2233 1095 2384 1153 illam„
2435 1109 2566 1156 quam

289 1175 424 1222 modo
464 1178 785 1239 exposuimus„
835 1177 1005 1222 vivere
1043 1175 1211 1223 chorus
1246 1177 1516 1238 pronuntiat.
1591 1174 1687 1231 Qua
1733 1177 1778 1221 in
1828 1176 2052 1221 sententia
2088 1181 2192 1221 ante
2230 1177 2380 1221 omnia
2418 1190 2567 1237 quae-

286 1255 479 1304 rendum
516 1262 612 1317 est„
650 1262 799 1304 utrum
837 1255 943 1304 αἰών
980 1255 1059 1304 ille
1095 1255 1376 1320 πάγκλαυτος
1398 1253 1556 1315 κοινός,
1594 1270 1725 1318 quem
1765 1254 1953 1303 Electra
1990 1254 2192 1316 elegisse
2230 1254 2411 1313 dicitur2
2449 1270 2567 1301 mors

286 1351 342 1384 an
389 1338 477 1383 vita
524 1339 687 1384 misera
722 1336 1021 1404 intelligenda
1054 1339 1123 1386 sit.
1175 1337 1330 1399 Atque
1376 1339 1420 1384 ei
1453 1338 1746 1400 interpretes„
1786 1338 1861 1399 qui
1898 1335 2042 1384 verba
2081 1335 2171 1388 ζῶν
2197 1345 2341 1389 κακῶς
2377 1336 2432 1383 de
2472 1340 2566 1385 vita

285 1420 452 1467 misera
489 1419 608 1466 dicta
656 1436 760 1468 esse
810 1421 1206 1479 existimaverant,
1242 1419 1520 1482 πάγκλαυτον
1546 1418 1684 1464 αἰῶνα
1708 1415 1848 1465 κοινὸν
1891 1416 2090 1465 flebilem
2127 1426 2319 1465 mortem
2357 1419 2565 1466 omnibus

285 1500 550 1549 mortalibus
588 1516 876 1548 communem
911 1503 1326 1563 interpretarentur
1363 1514 1557 1548 necesse
1607 1506 1719 1547 erat.
1791 1499 1906 1546 Nam
1958 1501 1995 1546 si
2032 1502 2257 1547 sententia
2295 1500 2564 1560 generalis:

288 1597 454 1641 „nemo
514 1580 731 1629 nobilium
779 1583 873 1629 vita
931 1583 1094 1628 misera
1137 1582 1331 1643 gloriam
1386 1580 1720 1628 commaculare
1774 1579 1904 1627 vult“
1957 1580 2218 1641 praecedit„
2274 1596 2367 1628 non
2417 1587 2566 1642 potest

285 1660 406 1709 laudi
453 1660 667 1710 Electrae
716 1664 866 1720 verti„
922 1662 1043 1723 quod
1089 1664 1232 1710 vitam
1283 1663 1490 1708 miseram
1544 1661 1698 1720 elegit.
1781 1660 1938 1718 Itaque
1986 1667 2179 1707 mortem
2234 1661 2568 1706 intellexerunt

285 1737 335 1786 G.
374 1740 663 1788 Hermannus
692 1738 791 1799 η),
829 1737 1092 1787 Dindorfius
1121 1737 1217 1798 77),
1255 1737 1523 1787 Wunderus
1554 1737 1641 1797 ⁷⁸),
1678 1736 1946 1785 Luebkerus
1988 1735 2055 1796 ⁷⁹)
2092 1737 2446 1799 Capellmannus
2476 1736 2564 1797 80),

1752 204 1963 265 quoniam
2012 217 2111 249 cum
2162 205 2370 266 sequenti
2415 218 2568 251 enun-

330 1886 387 1932 72)
421 1885 614 1930 cs.Soph.
654 1885 879 1918 E1.v.332
935 1883 1037 1920 καίτοι
1066 1884 1212 1920 τοσοῦτὸν
1245 1898 1266 1934 γ
1311 1883 1386 1920 οἰδα

283 1943 461 1994 κάμαυτῂν,
486 1944 534 1976 ὅτι
553 1945 558 1988 Ι
581 1943 671 1991 ἀλγῶ
708 1942 761 1975 ἐπὶ
784 1948 852 1980 τοῖς
874 1948 978 1992 παροῦ
980 1955 1044 1975 σιν·
1073 1940 1142 1976 ὥστ’
1169 1942 1219 1986 ἂν,
1256 1942 1283 1976 εί
1306 1942 1385 1976 σθέ-

283 2013 337 2039 νος
357 2002 362 2045 Ι
384 2000 524 2048 λάβοιμι,
563 1997 735 2049 δηλώσαιμ’
773 1998 811 2035 ἂν
837 1997 878 2034 οἷ’
907 1999 1015 2039 αὐτοῖς
1050 2008 1177 2050 φρονῶ·
1212 2001 1218 2045 Ι
1249 2014 1267 2034 ν
1280 2006 1323 2034 ῦν
1359 1998 1387 2034 δ’

281 2058 323 2093 ὲν
358 2064 506 2098 κακοῖς
539 2071 608 2108 μοι
631 2058 754 2094 πλεῖν
786 2057 990 2109 ὑφειμένῃ
1028 2057 1151 2094 δοκεῖ.
1199 2071 1231 2093 ν.
1265 2059 1332 2093 339
1358 2057 1386 2093 εί

280 2113 307 2149 δ’
325 2116 496 2166 ἐλευθέραν
521 2129 560 2166 με
574 2116 624 2151 δεῖ
645 2119 650 2161 Ι
672 2115 740 2167 ζῆν,
765 2125 844 2152 τῶν
867 2116 1132 2167 κρατούντων
1156 2115 1241 2152 εστὶ
1267 2114 1383 2152 ’σαντ’

283 2175 509 2210 ἀκουστέα.
558 2188 590 2207 v.
615 2177 682 2208 351
710 2175 747 2209 οὑ
772 2182 872 2209 ταῦτα
896 2175 999 2224 πρὸς
1034 2181 1198 2210 κακοῖσι
1230 2175 1386 2209 δειλίαν

282 2233 396 2281 ἒχει;
439 2246 472 2267 v.
497 2234 563 2265 357
605 2233 641 2266 σὺ
676 2230 699 2265 δ’
738 2231 812 2282 ἧμιν
848 2232 869 2280 ἡ
908 2239 1039 2280 μισοῦσα
1075 2238 1173 2278 μισεῖς
1206 2235 1262 2279 μὲν
1285 2232 1385 2282 λόγῳ,

281 2291 389 2341 ἔργω
414 2290 463 2326 δὲ
496 2297 585 2330 τοῖς
610 2298 782 2337 φονεῦσι
813 2298 882 2326 τοῦ
906 2291 1066 2340 πατρὸς
1102 2291 1224 2332 Εύνει.
1247 2293 1253 2335 Ι
1319 2291 1384 2338 ἐγὼ

282 2349 338 2419 pbr
355 2348 413 2383 οὖν
429 2349 486 2384 οὐκ
503 2348 542 2383 ἄν
555 2346 635 2393 ποτ’,
661 2346 727 2383 οὐδ’
744 2349 774 2383 εί
791 2361 843 2397 μοι
857 2348 898 2383 τὰ
914 2349 955 2383 σὰ
974 2350 982 2394 Ι
1002 2348 1112 2396 μέλλοι
1126 2362 1172 2389 τις
1188 2348 1282 2385 οἴσειν
1298 2346 1385 2399 δῶρ’,

281 2405 326 2454 ἐφ’
352 2407 414 2442 οἷσι
436 2414 491 2442 νῦν
514 2406 638 2455 χλιδᾶς,
659 2409 664 2451 Ι
684 2421 737 2443 του
730 2408 803 2446 ’τοις
826 2406 1048 2455 ὑπεικάθοιμι·
1089 2409 1136 2442 σοὶ
1152 2407 1188 2442 δὲ
1202 2407 1338 2443 πλουσία
1357 2408 1364 2451 Ι

280 2462 425 2513 τράπεζα
456 2463 573 2500 κείσθω
611 2464 663 2499 καὶ
698 2465 882 2516 περιρρείτω
914 2467 989 2513 βίος.
1048 2479 1080 2500 v.
1112 2467 1179 2501 367
1212 2462 1294 2501 οὕτω
1319 2465 1383 2516 γὰρ

281 2529 375 2570 φανεῖ
398 2522 504 2573 κακὴ
526 2524 531 2568 Ι
551 2523 688 2559 θανόντα
712 2525 836 2574 πατέρα
859 2526 912 2561 καὶ
934 2525 1045 2572 φίλους
1066 2524 1229 2575 προδοῦσα
1251 2524 1333 2564 σούς.

329 2582 386 2628 73)
419 2582 526 2626 Soph.
559 2583 613 2615 El.
645 2583 712 2616 814
770 2582 835 2632 ἤδη
875 2583 924 2619 δεῖ
949 2596 987 2631 με
1022 2583 1180 2619 δουλεύειν
1209 2582 1307 2618 πάλιν
1327 2583 1333 2628 Ι
1354 2582 1387 2618 ἐν

279 2644 378 2674 τοῖσιν
394 2637 580 2688 ἐχθίστοισιν
592 2639 799 2689 ἀνθρώπων’
787 2640 869 2689 εμοί,
891 2641 897 2687 Ι
917 2648 1042 2691 φονεῦσι
1055 2641 1192 2693 πατρὸς·
1219 2639 1298 2694 ἄρα’
1319 2651 1389 2689 pot

281 2699 419 2737 καλῶς
454 2699 564 2746 ἔχεις
600 2710 633 2731 v.
660 2701 749 2733 1190
774 2699 910 2734 ὁθούνεκ’
935 2701 999 2749 εἰμὶ
1021 2706 1087 2740 τοῖς
1111 2706 1235 2747 φονεῦσι
1258 2701 1388 2750 σύντρο-

281 2768 350 2803 φος.
372 2756 378 2801 Ι
445 2756 503 2789 Or.
528 2761 594 2794 τοῖς
629 2761 705 2799 τοῦς
735 2754 836 2791 πόθεν
859 2755 940 2793 τοῦτ’
970 2756 1168 2806 ἐξεσήμηνας
1191 2756 1341 2802 κακῶς
1361 2758 1367 2803 Ι

281 2815 334 2847 El.
370 2819 435 2853 τοῖς
471 2812 610 2861 πατρὸς·
660 2813 729 2849 εἷτα
772 2815 874 2855 τοῖςδε
910 2815 1050 2851 δουλεύω
1080 2815 1167 2863 βίᾳ.
1226 2829 1259 2849 v.
1298 2817 1387 2851 1042

280 2871 444 2911 τούτοις
468 2870 548 2922 ἐγὼ
574 2870 647 2922 ζῆν
671 2878 758 2912 τοῖς
780 2874 924 2923 νόμοις
948 2873 985 2910 οὐ
1009 2873 1172 2924 βούλομαι.

329 2931 387 2976 74)
411 2931 516 2965 Recte
551 2933 657 2966 schol.
684 2933 787 2966 Laur.
824 2935 869 2966 ad
899 2945 931 2966 v.
957 2935 1047 2968 1084
1071 2933 1230 2982 νώνυμνος
1252 2940 1308 2984 τῆς
1331 2933 1387 2969 εὑ-

281 2989 387 3027 κλείας
410 2990 515 3024 θέλων
538 2991 685 3038 γενέσθαι
709 2994 902 3035 adscripsit.

1500 1885 1557 1932 75)
1583 1885 1685 1929 Quod
1708 1885 1745 1919 in
1771 1884 1846 1919 cod.
1869 1884 1973 1918 Laur.
1993 1885 2119 1929 legitur
2141 1884 2311 1931 νώνυμνος,
2333 1885 2405 1927 jam
2430 1887 2564 1930 pridem

1454 1947 1642 1976 correctum
1667 1946 1719 1975 est
1740 1943 1779 1974 in
1803 1941 1955 1988 νώνυμος.
1980 1942 2059 1974 Non
2082 1943 2270 1986 respondet
2286 1944 2426 1987 quidem
2450 1946 2566 1978 versui

1452 2000 1594 2048 νώνυμος
1618 2000 1645 2033 ὦ
1669 2005 1730 2034 παῖ
1753 2004 1814 2033 παῖ
1838 2010 1956 2033 versus
1981 2001 2263 2043 antsstrophieus,
2288 2002 2403 2045 qualis
2428 2003 2465 2034 in
2490 2003 2566 2035 cod.

1455 2059 1559 2095 Laut.
1582 2060 1707 2105 legitur
1729 2064 1782 2093 νῦν
1809 2056 1870 2093 ὑπὸ
1895 2063 1990 2107 χεῖρα
2013 2058 2127 2102 ναίειςς
2159 2060 2221 2093 sed
2243 2060 2318 2094 sine
2342 2060 2447 2094 dubio
2472 2066 2565 2095 recte

1457 2118 1670 2162 corruptelae
1694 2117 1811 2151 sedem
1835 2117 1872 2149 in
1895 2117 2112 2161 antistropha.
2144 2118 2388 2162 quaesiverunt
2414 2129 2468 2151 vv.
2495 2119 2564 2159 dd„

1454 2187 1518 2209 nec
1542 2177 1682 2215 dubito,
1714 2177 1800 2219 quin
1826 2176 2015 2217 Sophocles
2051 2176 2100 2208 ibi
2126 2178 2304 2219 scripserit
2339 2182 2392 2208 νῦν
2429 2176 2563 2225 ὑπόχειρ

1453 2233 1559 2272 ναίεις.
1608 2237 1708 2276 Quae
1724 2234 1892 2277 Bergkius
1918 2234 1956 2264 in
1981 2235 2124 2276 stropha.
2147 2234 2335 2277 aliquando
2358 2234 2564 2275 conjecerat,

1455 2291 1597 2338 νώνυμος
1620 2290 1648 2326 ὦ
1671 2291 1733 2327 πάϊ
1756 2290 1783 2327 ὦ
1806 2296 1885 2334 παῖ,
1911 2292 1960 2324 ita.
1985 2296 2023 2325 ut
2045 2293 2083 2325 in
2107 2293 2324 2335 antistropha
2360 2293 2565 2327 scriberetur

1454 2355 1508 2384 νῦν
1533 2348 1702 2398 ὑποχείρια
1724 2348 1831 2393 ναίεις,
1856 2360 1898 2383 ea
1918 2360 1963 2383 ne
1987 2350 2059 2393 ipsi
2085 2349 2221 2394 quidem
2247 2359 2338 2383 nunc
2363 2351 2564 2385 satisfacere

1455 2409 1645 2443 confitetur.

1501 2466 1558 2513 76)
1583 2464 1625 2500 G.
1661 2467 1881 2501 Hermannus
1914 2467 1958 2500 ad
1994 2479 2025 2500 v.
2065 2467 2152 2502 1074
2199 2465 2425 2516 ,,πα’γκλαυτον
2463 2466 2566 2502 αἰῶνα

1455 2525 1556 2560 κοινὸν
1591 2529 1735 2559 mortem
1758 2526 1828 2558 dici
1841 2550 1850 2566 ,
1887 2530 1978 2560 recte
2017 2527 2104 2559 vidit
2138 2526 2334 2559 Erfurdtius
2349 2549 2358 2565 ‚
2395 2537 2460 2559 nec
2489 2526 2564 2559 fieri

1456 2587 1570 2627 potest
1595 2584 1649 2629 (‘?),
1676 2588 1715 2617 ut
1736 2585 1820 2617 haec
1844 2585 1953 2618 alium
1976 2595 2113 2618 sensum
2138 2584 2318 2617 habeantf‘

1504 2641 1562 2688 77)
1586 2642 1788 2677 Dindorfius
1811 2642 1857 2675 ud
1879 2654 1912 2676 v.
1932 2643 2020 2678 1085
2055 2641 2181 2685 ,,αίῶνα
2203 2640 2306 2676 κοινὸν
2328 2644 2469 2676 mortem
2494 2641 2566 2675 dici

1458 2701 1593 2734 monuit
1614 2702 1843 2735 Erfurdtius.“

1505 2758 1561 2804 78)
1586 2759 1784 2794 Wunderus
1820 2760 1861 2792 ad
1897 2772 1929 2792 v.
1967 2760 2055 2793 1068
2117 2758 2190 2800 „Ita
2219 2761 2258 2791 tu
2290 2768 2427 2802 quoque
2465 2758 2564 2792 illae-

1456 2818 1562 2852 tabile
1587 2819 1696 2850 fatum
1721 2828 1900 2852 commune
1922 2817 2129 2861 praetulisti.
2188 2815 2345 2859 Respicit
2371 2817 2495 2849 chorus
2519 2816 2564 2848 ad

1457 2885 1499 2909 ea
1535 2885 1623 2921 quae
1661 2875 1749 2909 dixit
1783 2887 1814 2908 v.
1842 2874 2068 2910 1061—1063
2105 2871 2177 2907 οὗτε
2201 2885 2231 2907 τι
2255 2893 2298 2898 -
2324 2871 2434 2924 ἐρινόν.
2484 2872 2563 2907 Non

1458 2944 1545 2979 opus
1570 2944 1647 2968 esse
1670 2938 1767 2979 puto,
1792 2938 1828 2966 ut
1852 2936 1933 2978 post
1955 2943 2007 2974 ea,
2032 2942 2120 2978 quae
2145 2933 2189 2965 ad
2213 2944 2244 2965 v.
2272 2934 2362 2967 1065
2386 2943 2437 2977 sq.
2461 2933 2564 2966 modo

1456 2995 1636 3030 adnotavi,
1670 2995 1827 3035 pluribus
1852 3003 2023 3034 exponam
2046 2994 2149 3024 verba
2186 2990 2303 3037 πάγιλ.
2338 2990 2441 3024 αἰῶνα
2462 2993 2566 3024 κοινὸν
