2882 3662
1294 106 1629 154 ,28-

308 245 367 293 Ut
420 248 624 293 omittam
675 261 731 293 ea
778 245 957 301 verba,
1005 260 1200 309 quorum
1248 248 1374 293 notio
1422 262 1448 293 a
1497 249 1687 296 notione
1737 249 1874 298 verbi
1907 248 2193 303 καθοπλίζειν
2238 253 2372 300 nimis
2411 251 2605 311 recedit,

306 341 440 390 quam
493 333 541 375 ut
577 342 739 375 eorum
790 327 1008 389 analogia
1058 326 1303 390 quidquam
1356 324 1544 391 probari
1593 343 1733 391 posse
1770 311 2017 378 videatur:
2068 346 2162 380 non
2199 334 2377 394 majore
2414 332 2606 381 audacia

304 407 589 460 καθοπλίζειν
637 424 741 455 cum
797 408 967 472 duplici
1022 409 1290 456 accusativo
1347 411 1606 456 construxit
1661 416 1831 474 poeta,
1887 426 2022 475 quam
2071 411 2221 460 verba
2269 412 2449 476 βάπτειν
2494 411 2604 475 ¹¹⁷),

305 488 486 548 ἐρείδειν
520 488 639 551 ¹¹⁸),
682 490 841 538 τείνειν
875 488 995 550 ¹¹⁹),
1041 489 1301 542 ἐπισκιάζειν
1335 489 1453 551 ¹²⁰),
1491 490 1673 544 αἰκίζειν
1707 491 1828 552 121),
1864 501 2096 556 παρασπᾱν
2129 493 2234 554 122).
2307 494 2451 542 Immo
2487 509 2607 542 vero

306 572 445 618 etiam
487 573 635 635 ipsum
684 571 882 620 verbum
928 571 1128 635 simplex
1164 569 1360 624 ὁπλίζειν
1399 573 1482 620 etsi
1519 587 1612 621 non
1663 573 1782 638 apud
1820 572 2132 638 Sophoclem,
2182 575 2301 639 apud
2338 574 2605 639 Euripidem

304 659 459 700 tamen
498 668 601 700 cum
639 653 810 717 duplici
848 654 1117 701 accusativo
1165 659 1476 701 constructum
1515 656 1746 717 reperitur
1791 653 1897 715 ¹²³).
1983 654 2159 713 Quodsi
2195 663 2347 703 autem
2398 659 2498 720 quis
2545 671 2605 704 eo

307 733 583 793 offenditur,
641 734 761 797 quod
811 749 905 782 non
955 749 1158 797 persona
1214 740 1291 781 aut
1336 750 1415 783 res
1461 742 1712 795 concreta,
1769 736 1851 783 sed
1894 738 2022 783 notio
2071 738 2198 783 vitae
2248 736 2417 798 objecti
2466 737 2604 784 verbi

304 814 593 867 καθοπλίζειν
629 815 782 862 locum
819 821 974 874 tenet,
1012 817 1052 862 is
1088 821 1271 878 reputet
1309 815 1451 863 velim
1490 831 1642 878 neque
1677 818 1723 862 in
1761 818 1951 863 notione
1990 819 2113 864 vitae
2149 817 2391 880 quidquam
2429 821 2605 876 inesse,

305 895 427 958 quod
482 898 875 944 constructionem
918 896 1043 944 illam
1091 896 1285 959 duplicis
1334 898 1586 945 accusativi
1631 896 1905 960 probibeat,
1957 913 2110 959 neque
2159 899 2376 962 exempla
2419 898 2604 957 deesse,

309 978 354 1024 in
416 975 581 1039 quibus
632 978 757 1025 vitae
815 979 943 1025 notio
1004 991 1108 1024 cum
1165 977 1433 1040 praedicato
1490 977 1645 1040 aliquo
1695 979 1940 1039 conjuncta
1996 994 2023 1025 a
2072 978 2232 1027 verbis
2287 994 2390 1026 cum
2438 979 2607 1043 duplici

312 1059 576 1106 accusativo
632 1060 910 1107 constructis
958 1058 1160 1121 pendeat
1203 1056 1309 1118 124).
1398 1058 1666 1107 Simillimus
1715 1065 1786 1107 est
1828 1058 1885 1105 ab
1936 1059 2023 1106 bac
2072 1066 2203 1123 parte
2253 1061 2502 1121 locutioni,
2549 1060 2607 1108 de

304 1155 392 1200 qua
442 1142 652 1200 agimus,
692 1141 824 1187 locus
859 1140 1101 1186 Philoctet.
1140 1156 1186 1186 v.
1228 1140 1394 1187 1421:

865 1219 937 1267 καὶ
964 1220 1050 1280 σοί,
1078 1220 1176 1286 σάφ’
1203 1220 1321 1280 ἴσθι,
1353 1219 1471 1268 τοῦτ’
1499 1218 1724 1286 ὀφείλεται
1747 1220 1909 1269 παθεῖν

864 1302 916 1348 ἐκ
939 1310 1029 1349 τῶν
1053 1301 1203 1350 πόνων
1227 1301 1361 1350 τῶνδ’
1399 1302 1620 1349 εὐκλεᾶ
1651 1302 1814 1350 θὸσθαι
1850 1302 1985 1364 βίον.

304 1384 556 1447 Ipsumque
600 1384 712 1429 illud
748 1382 801 1429 τὸ
828 1383 911 1449 ζῆν
937 1381 1074 1430 καλὸν
1101 1399 1203 1430 cum
1241 1383 1392 1431 verbo
1417 1383 1581 1430 θέσθαι
1617 1385 1877 1432 construxit
1915 1390 2076 1431 auctor
2115 1384 2459 1447 epigrammatis
2487 1384 2605 1447 apud

304 1464 598 1511 Plutarchum
638 1465 798 1529 Pelop.
852 1479 950 1529 cap.
992 1465 1054 1512 1:

724 1544 769 1594 οἳ
788 1546 926 1594 θάνον
953 1544 1056 1594 οὔτε
1079 1543 1130 1593 τὸ
1163 1545 1266 1611 ζῆν
1286 1546 1466 1610 θέμενοι
1488 1544 1669 1594 καλὸν
1695 1544 1798 1594 οὔτε
1821 1542 2098 1610 τῶνήοκειν
2119 1581 2133 1604 ,

864 1626 986 1674 ἀλλὰ
1008 1625 1061 1674 τὸ
1083 1634 1226 1674 ταῦτα
1249 1628 1399 1680 καλῶς
1422 1626 1617 1692 ἀμφότεῤ
1644 1626 1884 1674 ὀκτελὲσαι.

304 1708 397 1766 Qui
446 1709 577 1757 locus
625 1708 848 1756 locutioni
899 1706 951 1756 τὸ
989 1707 1072 1776 ζῆν
1108 1705 1246 1755 καλὸν
1282 1708 1592 1757 καθοπλίσασα
1638 1723 1831 1772 prorsus
1885 1706 2045 1756 similis
2089 1715 2243 1767 esset,
2300 1711 2387 1758 nisi
2432 1707 2613 1772 θέμενοι

307 1789 583 1838 aestimandi
623 1790 813 1837 notione
853 1788 1050 1838 dixisset
1085 1795 1262 1838 auctor.

450 1872 584 1930 Quae
624 1877 728 1935 post
766 1870 916 1918 verba
963 1868 1015 1917 τὸ
1052 1870 1135 1935 ζῆν
1167 1868 1303 1918 καλὸν
1340 1870 1648 1918 καθοπλίσασα
1684 1871 1903 1932 leguntur
1940 1872 1985 1917 in
2035 1869 2302 1919 codicibus:
2352 1869 2428 1918 δύο
2463 1872 2612 1935 φέρειν

307 1952 371 2001 ἑνὶ
424 1952 577 2017 λόγῳ,
634 1968 690 1999 ea
750 1968 842 1999 non
895 1959 1159 2012 congruunt
1216 1967 1319 1999 cum
1379 1967 1521 1999 versu
1578 1951 1912 2016 antistrophico
1964 1951 2124 2015 νόμιμα
2164 1949 2309 1998 τῶνδε
2351 1951 2613 2015 φερομέναν.

304 2033 606 2097 Quapropter
656 2032 962 2096 probabiliter
998 2033 1262 2081 Brunckius
1314 2033 1484 2094 adJecit
1533 2035 1924 2097 praepositionem
1961 2034 2038 2093 ev,
2089 2047 2206 2095 quae
2244 2031 2383 2079 facile
2420 2039 2613 2097 propter

308 2130 517 2179 sequens
554 2115 619 2163 ἑνί
656 2115 881 2163 excidere
931 2121 1156 2179 potuerat.
1233 2114 1329 2163 Sed
1375 2116 1462 2163 etsi
1510 2121 1704 2162 metrum
1754 2114 1844 2162 hoc
1892 2114 2029 2163 modo
2078 2117 2334 2162 restitutum
2371 2121 2470 2174 est,
2517 2117 2616 2178 ipsa

309 2204 462 2245 tamen
507 2204 678 2260 poetae
728 2196 878 2245 verba
917 2199 1125 2245 restituta
1175 2212 1268 2244 non
1314 2212 1420 2245 esse
1468 2196 1699 2244 videntur.
1777 2196 2103 2244 Difficultatem
2150 2198 2272 2243 enim
2309 2195 2502 2243 exhibet
2535 2198 2616 2242 in-

312 2277 514 2325 finitivus
551 2276 723 2342 φέρειν,
762 2292 897 2340 quem
936 2279 1021 2326 etsi
1046 2278 1093 2324 in
1133 2283 1289 2325 nostra
1316 2292 1498 2341 quoque
1535 2276 1790 2325 verborum
1823 2276 2194 2324 antecedentium
2230 2278 2613 2340 interpretatione

303 2359 360 2407 ab
402 2359 539 2407 εἵλου
578 2359 788 2423 pendere
832 2375 973 2423 posse
1012 2358 1251 2418 concedo,
1291 2358 1414 2407 unde
1454 2358 1724 2408 Wunderus
1764 2365 1810 2406 et
1847 2357 2237 2407 Schneidewinus
2273 2357 2350 2421 (v.
2389 2357 2491 2405 adn.
2532 2358 2611 2405 99.

355 2578 435 2623 117)
462 2578 591 2611 Trach.
617 2577 685 2611 573
726 2575 748 2626 ᾗ
773 2575 994 2625 μελαγχολους
1027 2576 1033 2619 Ι
1061 2575 1183 2622 ἔβαψεν
1207 2575 1272 2615 ἰοὺς
1296 2575 1427 2625 θρᾶμμα
1547 2576 1626 2621 12¹)
1651 2575 1707 2617 Aj.
1743 2576 1810 2610 401
1863 2573 1950 2610 ἀλλά
1973 2572 2002 2623 μ’
2027 2574 2050 2610 ἁ
2083 2574 2156 2615 Διὸς
2177 2575 2183 2619 Ι
2203 2574 2326 2623 &higna
2348 2573 2424 2614 θεὸς
2444 2575 2450 2618 Ι
2472 2571 2617 2624 ὀλᾶθριον

302 2634 463 2685 Λερναίας
486 2631 597 2686 ὕδρας.
1498 2631 1620 2675 αἰιιίζει.

353 2694 433 2739 118)
458 2694 597 2739 Γηςω.
631 2695 699 2727 inc.
740 2693 809 2727 ⁶62
834 2693 958 2726 Nauck
995 2692 1070 2726 ὅταν
1105 2690 1141 2726 δὲ
1166 2691 1289 2727 δαίων
1312 2691 1427 2742 ἀνδρὸς
1547 2693 1628 2738 122)
1654 2694 1772 2738 Antig.
1798 2693 1863 2726 7⁹1
1920 2693 1957 2728 σὺ
1988 2692 2043 2727 καὶ
2067 2691 2197 2727 δικαίαν
2232 2690 2359 2730 ἀδίκους
2380 2692 2385 2735 Ι
2407 2691 2525 2740 φρένας
2548 2704 2617 2726 πα-

302 2750 458 2800 εὑτυχοῦς
491 2752 528 2786 τὸ
565 2751 640 2801 πρὶν
661 2752 667 2796 Ι
689 2747 809 2799 μάστιγ’
836 2746 1014 2798 (πλάστιγγ’
1040 2749 1192 2792 conjecit
1215 2750 1425 2796 Ellendtius)
1497 2749 1628 2799 ραοπᾷς
1651 2750 1704 2786 ἐπὶ
1730 2750 1834 2798 λώβᾳ.

302 2809 407 2861 ἇρεὶοῃ
440 2816 497 2846 τοῦ
520 2809 590 2855 βίου
614 2808 841 2859 παλίντροπον,
864 2810 868 2853 Ι
890 2808 932 2844 τὰ
955 2806 1065 2844 πολλὰ
1087 2805 1213 2857 φροῦδα
1236 2807 1291 2844 καὶ
1312 2808 1421 2848 καλῶς
1544 2810 1623 2855 123)
1648 2810 1730 2844 Eur.
1747 2810 1823 2844 Alc.
1842 2809 1887 2842 ³4
1919 2814 1974 2843 νῦν
1956 2805 2050 2844 ν’δε
2034 2809 2089 2844 επὶ
2107 2805 2240 2857 τῆδάυ
2221 2805 2267 2852 ὔΙ
2287 2807 2370 2856 χέρα
2380 2808 2502 2856 τοξήρη
2516 2821 2617 2856 φρου-

301 2867 465 2919 είρημένα.
1494 2865 1732 2917 paeonum
1763 2867 1845 2904 Jon.
1869 2866 1939 2902 ⁹80
1975 2860 2616 2916 Ειφηφόροικοοὸςὸπλ’σοσ’ὀπάονας.

351 2928 431 2970 11⁹)
455 2928 572 2971 Anug.
597 2927 667 2957 715
703 2924 808 2963 αῦωκ
844 2925 880 2959 δὲ
903 2927 979 2963 ναὸς
1004 2924 1085 2963 am<
1115 2924 1254 2975 ὀῃφατη
1289 2923 1402 2970 neza}
1546 2925 1625 2972 124)
1650 2925 1776 2959 ‘rr-oh.
1804 2924 1868 2957 14⁷
1929 2921 1998 2959 ἀλλ’
2037 2921 2168 2973 ἡδοναῖς
2204 2921 2352 2974 &pexam
2384 2921 2505 2974 ιεαίριι
2539 2920 2616 2969 βίον.

302 2984 408 3022 τείνας
432 2983 557 3017 &mim
580 2982 691 3031 μηδᾶν.
1495 2985 1648 3017 Duria·
1626 2984 1721 3028 apud
1744 2983 1962 3016 Athenaeum
1984 2982 2060 3023 ΣΠ,
2092 2982 2158 3015 642
2188 2983 2221 3016 D
2257 2979 2493 3029 ἀνομοθέτητον
2510 2979 2619 3028 tom

353 3043 433 3086 120)
459 3042 584 3076 'rr-oh.
611 3043 680 3074 914
731 3040 821 3088 κάγώ
859 3040 1018 3089 λαθραῖον
1038 3038 1111 3087 ὄμμ’
1138 3041 1378 3090 ἆπεσιιασμᾶνη.
1498 3042 1550 3075 τὸν
1576 3041 1644 3084 βίον
1667 3039 1906 3079 κατεσκεύαζεν.
