2882 3662
1279 165 1343 171 -
1418 135 1480 184 19
1558 162 1615 169 m

933 276 1085 325 ἔπειτα
1108 273 1176 334 δ’,
1212 275 1355 339 ὥςπερ
1392 273 1629 338 ἐξέφυς,
1666 272 1886 336 ἐλευθέρα

930 354 1056 403 καλεῖ
1078 353 1128 404 τὸ
1154 353 1321 403 λοιπόν.

315 438 444 497 Quae
500 439 760 497 conjectura
808 436 866 484 oh
912 454 1013 484 eam
1059 440 1202 499 ipsam
1252 453 1433 484 causam
1482 437 1627 483 solido
1676 435 1967 481 fundamento
2012 444 2166 494 caret,
2217 438 2335 498 quod
2385 438 2583 483 nobilem

312 520 536 581 originem
572 516 786 566 Electrae
822 517 865 565 h.
902 517 932 566 l.
970 533 996 565 a
1029 524 1164 581 poeta
1200 520 1356 579 urgeri
1391 533 1481 565 non
1517 519 1717 580 potuisse
1748 515 1955 564 vidimus.
2027 516 2313 565 Hermannus
2351 525 2499 564 autem
2537 525 2583 564 et

310 598 570 648 Dindorfius
606 599 868 663 particulam
903 600 986 664 γάρ
1015 601 1341 660 inseruerunt,
1391 601 1493 662 quia
1539 597 1655 662 apud
1693 597 1939 645 Stohaeum
1978 598 2126 645 Serm.
2165 598 2390 646 XXXVII
2405 635 2420 660 ,
2467 601 2499 646 4
2537 602 2580 646 in

310 680 506 729 editione
545 680 687 728 Grotii
729 698 771 744 p.
822 681 919 729 145
968 681 1097 729 locus
1134 681 1420 745 Sophocleus
1464 684 1633 728 inserta
1682 680 1800 727 falso
1850 681 1953 727 loco
2003 681 2220 744 particula
2256 682 2339 746 γάρ
2390 684 2581 728 citatur:

309 761 453 814 οὐδεὶς
474 770 565 810 τῶν
589 761 670 827 γὰρ
695 762 891 827 ἀγαθῶν.
962 763 1135 809 Verum
1172 766 1409 810 enimvero
1445 763 1706 826 particulam
1741 763 1824 825 γάρ
1861 777 1884 807 a
1918 762 2150 824 Sophocle
2187 762 2438 824 profectam
2476 778 2581 811 esse

309 843 588 907 persuadere
626 844 731 893 mihi
766 858 856 892 non
893 858 1096 907 possum,
1134 846 1344 907 quoniam
1393 846 1715 891 sententiarum
1753 845 1890 890 nexui
1927 858 2084 905 parum
2123 849 2225 905 apta
2262 850 2344 891 est.
2419 844 2581 905 Neque

307 926 426 971 enim
463 937 599 972 causa
634 923 940 973 antecedentis
978 925 1248 973 sententiae:
1284 924 1349 976 τίς
1383 922 1436 971 ἂν
1472 921 1676 988 εὔπατρις
1699 921 1786 971 ὧδε
1821 922 2026 985 βλάστοις
2065 922 2276 982 affertur„
2315 923 2396 972 sed
2433 939 2581 987 asyn-

308 1004 413 1052 deto
461 1019 578 1052 vere
617 1004 879 1068 Sophocleo
920 1003 989 1064 ⁶⁰)
1026 1019 1152 1053 nova
1189 1006 1408 1053 sententia
1445 1006 1738 1067 proponitur„
1786 1019 1901 1066 quae
1946 1010 2104 1065 postea
2143 1003 2322 1050 demum
2360 1005 2578 1068 exemplo

308 1084 521 1130 Electrae
568 1084 827 1132 illustratur.
914 1084 1291 1131 Schneidewinus
1346 1085 1537 1147 denique
1591 1091 1636 1129 et
1681 1084 1912 1145 Bergkius
1967 1087 2260 1131 inseruerunt
2315 1086 2581 1146 particulam

307 1164 386 1223 ἄν,
423 1169 591 1211 mutato
628 1164 760 1213 simul
794 1164 1038 1212 indicativo
1075 1164 1218 1225 θέλει,
1257 1181 1391 1229 quem
1427 1163 1609 1213 codices
1645 1163 1890 1223 exhibent„
1941 1168 1984 1210 in
2023 1168 2271 1228 optativum
2307 1165 2449 1212 θέλοι.
2523 1167 2584 1215 Ut

307 1245 551 1293 concedam
586 1245 863 1310 Sophoclem
902 1249 1105 1310 optativo
1152 1247 1286 1294 modo
1332 1262 1433 1294 cum
1469 1246 1522 1293 ἄν
1558 1248 1775 1311 particula
1810 1248 2052 1309 conjuncto
2088 1248 2148 1294 uti
2182 1248 2407 1306 potuisse,
2446 1262 2580 1296 nemo

305 1334 456 1372 tamen
493 1328 781 1374 indicativum
817 1331 871 1376 in.
898 1330 1121 1374 sententia
1148 1343 1211 1374 ex
1235 1335 1398 1392 poetae
1424 1335 1574 1375 mente
1610 1328 1721 1375 nulli
1749 1327 2012 1376 dubitationi
2050 1328 2251 1375 obnoxia
2289 1327 2451 1376 eodem
2470 1330 2578 1389 jure

303 1411 410 1471 poni
446 1411 649 1472 potuisse
685 1408 849 1457 infitias
884 1409 975 1456 ibit.
1040 1409 1223 1457 Orionis
1248 1416 1397 1457 autem
1435 1409 1650 1469 (Anthol.
1673 1410 1722 1469 7,
1763 1408 1858 1472 11)
1895 1410 2154 1469 auctoritas„
2194 1422 2280 1471 qua
2319 1407 2580 1457 Schneide-

307 1492 453 1538 winus
502 1497 547 1537 et
588 1490 827 1552 Bergkius>
866 1492 1148 1539 commoveri
1205 1504 1256 1538 se
1305 1493 1428 1554 passi
1476 1497 1605 1550 sunt„
1665 1497 1912 1554 propterea
1960 1491 2092 1552 parvi
2140 1489 2419 1538 aestimanda
2468 1489 2575 1537 mihi

303 1570 500 1630 videtur,
539 1565 658 1633 quod
693 1571 771 1617 ille
809 1572 854 1617 in
902 1571 1004 1618 loco
1044 1570 1305 1634 Sophocleo
1342 1570 1518 1619 citando
1555 1571 1702 1619 solum
1739 1573 2017 1634 optativum,
2063 1584 2154 1617 non
2202 1570 2468 1633 particulam
2505 1569 2575 1626 ἄν,

300 1650 499 1698 exhibet.
536 1651 697 1713 Aeque
736 1654 855 1698 enim
891 1651 1028 1699 facile
1067 1650 1249 1700 Orionis
1285 1651 1396 1699 illud
1430 1651 1575 1710 θέλοι,
1611 1658 1747 1714 atque
1784 1651 1989 1699 codicum
2027 1651 2393 1715 Sophocleorum
2430 1651 2577 1711 θέλει,

301 1745 364 1778 ex
388 1730 560 1779 librarii
598 1745 759 1780 errore
797 1733 906 1779 oriri
942 1733 1098 1794 potuit.
1169 1730 1298 1788 Quae
1336 1746 1471 1793 quum
1504 1734 1565 1779 ita
1600 1733 1704 1791 sint,
1746 1734 1845 1794 ipse
1883 1732 2088 1778 lacunam
2126 1732 2345 1793 particula
2380 1734 2447 1778 τοί
2482 1749 2577 1778 ex-

300 1809 512 1873 plendam
548 1825 654 1860 esse
679 1826 866 1872 censeo,
904 1813 1068 1875 quippe
1106 1825 1193 1874 qua
1218 1810 1474 1875 Sophocles
1497 1814 1542 1859 in
1565 1814 1801 1861 sententiis
1837 1811 2134 1873 generalibus
2171 1828 2273 1859 cum
2310 1815 2359 1860 vi
2385 1813 2575 1875 quadam

299 1891 595 1953 proferendis
629 1894 693 1939 uti
730 1892 890 1941 solitus
927 1895 995 1941 sit.
1058 1891 1127 1940 Cf.
1165 1894 1210 1939 in
1247 1895 1466 1940 sententia
1503 1894 1665 1942 simili:

783 1974 894 2021 Phil.
934 1990 979 2021 v.
1018 1976 1117 2022 475
1537 1983 1648 2021 τοῖσι
1670 1975 1902 2038 γενναίοισί
1925 1991 1991 2020 τοι

915 2053 966 2100 τό
989 2054 1026 2100 τ’
1054 2053 1229 2119 αἰσχρὸν
1256 2053 1418 2119 ἐχθρὸν
1443 2054 1512 2100 καὶ
1534 2053 1585 2100 τὸ
1610 2054 1800 2119 χρηστὸν
1829 2055 2013 2105 εὐκλεές
2036 2051 2120 2113 ⁶¹).

434 2131 533 2178 Jam
569 2148 687 2181 vero
724 2137 927 2198 quaestio
953 2135 1010 2182 de
1050 2149 1187 2184 sensu
1224 2134 1473 2183 verborum
1509 2133 1599 2187 ζῶν
1623 2142 1769 2188 κακῶς
1805 2137 1966 2195 οτίῑιιτ,
2006 2150 2122 2198 quae
2148 2150 2258 2184 sane
2296 2138 2570 2197 gravissima

297 2218 394 2271 est,
445 2216 653 2277 quoniam
690 2215 793 2262 inde
830 2218 1143 2281 interpretatio
1181 2217 1269 2265 loci
1305 2216 1598 2276 conclamati„
1658 2217 1733 2279 qui
1771 2219 2036 2266 sententiam
2076 2216 2344 2279 generalem
2382 2219 2571 2281 excipit„

293 2293 472 2355 pendet.
557 2296 801 2354 Quaeritur
838 2304 1015 2358 autem„
1065 2297 1151 2350 ζῶν
1184 2305 1329 2350 κακῶς
1375 2304 1524 2345 utrum
1568 2297 1622 2345 de
1672 2298 1837 2346 misera
1878 2300 2000 2357 vita„
2050 2312 2107 2346 an
2147 2297 2202 2347 de
2241 2299 2361 2357 turpi
2396 2297 2571 2347 intelli-

293 2375 443 2434 genda
480 2375 547 2423 sit'.
630 2377 700 2425 De
737 2380 900 2427 misera
933 2381 1025 2427 vita
1062 2379 1387 2428 intellexerunt
1411 2377 1653 2428 scholiasta
1691 2381 1922 2427 recentior
1945 2374 2045 2438 ⁶²)„
2086 2377 2138 2426 G.
2167 2379 2456 2427 Hei-mannus
2479 2374 2569 2439 ωΞ),

336 2473 393 2520 60)
430 2473 484 2510 cf.
525 2487 614 2521 quae
651 2477 694 2512 de
732 2478 907 2522 asyndetis
946 2481 1040 2524 apud
1078 2481 1284 2524 Sophoclem
1324 2481 1384 2513 in:
1455 2478 1606 2526 κειμένοις
1630 2477 1818 2526 ὶπεγγελᾶν.
1874 2481 1927 2513 El.
1952 2482 2022 2513 415
2046 2479 2154 2514 πολλά
2176 2493 2242 2514 τοι
2276 2482 2398 2528 σμικροὶ
2436 2481 2524 2528 λόγοι
2543 2484 2550 2525 Ι

298 2530 611 2583 Ver-handltanqen
633 2533 700 2571 der
730 2533 877 2573 Wiener
892 2534 1386 2587 Philoloqenversammluny
1455 2534 1596 2583 ἔσφηλαν
1629 2533 1695 2585 ἤδη
1731 2535 1783 2573 καὶ
1806 2535 2023 2586 κατώρθωσαν
2059 2536 2197 2585 βροτούς.
2245 2539 2315 2572 445
2350 2537 2430 2587 ὅρα,
2469 2540 2568 2574 πόνου

285 2601 362 2633 pag.
392 2591 432 2622 31
450 2615 458 2630 ‚
494 2597 566 2624 not.
591 2594 635 2625 32
660 2598 693 2626 et
715 2595 759 2626 ad
783 2596 879 2628 locos
903 2596 954 2628 ibi
987 2597 1143 2629 laudatos
1180 2596 1386 2629 monuimus.
1455 2605 1518 2627 τοι
1559 2593 1658 2644 χωρὶς
1700 2592 1791 2629 οὐδὲν
1826 2593 1964 2644 εὐτυχεῖ.
2022 2595 2089 2628 917
2122 2599 2188 2635 τοῖς
2233 2594 2356 2631 αὐτοῖσί
2393 2607 2459 2631 τοι
2479 2596 2485 2641 Ι
2508 2595 2567 2645 οὐχ

331 2648 388 2692 61)
412 2649 596 2684 Praeterea
619 2654 839 2685 conferantur
861 2655 930 2685 loci
954 2655 1163 2695 Sophoclei:
1195 2655 1286 2685 Phil.
1319 2655 1385 2685 837
1456 2651 1551 2688 αὐτὸς
1573 2651 1623 2685 ἀεὶ
1647 2651 1805 2698 δαιμόνων
1827 2658 2035 2701 παραστατεῖ.

283 2703 391 2753 καιρός
412 2718 479 2742 τοι
501 2705 631 2744 πάντων
653 2707 783 2757 γνώμαν
806 2708 904 2757 ἴσχων
923 2711 930 2753 Ι
949 2708 1032 2745 πόλι»
1054 2711 1146 2758 παρὰ
1167 2709 1253 2745 πόδα
1275 2710 1389 2758 κράτος
1504 2710 1561 2753 62)
1586 2710 1702 2744 Schol.
1725 2722 1791 2743 reo.
1816 2711 1861 2742 ad
1884 2723 1916 2742 v.
1945 2713 2033 2743 1082
2058 2724 2092 2754 p.
2117 2714 2185 2744 269
2210 2714 2315 2743 Dind.
2363 2711 2466 2747 οὐδεὶς
2501 2712 2566 2744 ἀπὸ

283 2760 421 2813 ἄρνῢῑαῑ-
448 2765 538 2802 1140
553 2763 668 2816 ἀνδρὸς
689 2777 751 2803 τοι
780 2766 816 2803 τὸ
839 2766 896 2816 μὲν
920 2764 956 2803 ⁸6
981 2764 1100 2804 δίκαιον
1118 2766 1231 2810 εἰπεῖν,
1252 2768 1258 2813 Ι
1278 2765 1388 2804 εἰπὸν-
1456 2774 1520 2802 τῶν
1567 2764 1702 2816 ἀγαθῶν
1748 2764 1820 2802 διὰ
1866 2770 1909 2802 τὸ
1961 2766 2032 2817 ζῆν
2078 2768 2290 2817 ὃυςτυχῶς
2334 2768 2420 2802 θέλει
2458 2768 2569 2815 ἄτιμον

279 2831 334 2859 τίκ
357 2820 392 2855 δὲ
416 2821 461 2872 μὴ
485 2821 643 2873 φθονεράν
664 2826 670 2870 Ι
691 2823 807 2865 ἐξῶσαι
840 2824 985 2876 γλώσσας
1016 2821 1140 2862 &bavam
1196 2826 1282 2861 Oed.
1314 2825 1387 2861 001.
1456 2824 1586 2873 ποιῆσαι
1631 2824 1667 2860 τὸ
1706 2824 1798 2865 πλέος
1835 2832 1892 2875 τῆς
1943 2825 2101 2875 εὐγενείας
2152 2826 2348 2873 ἀνωνύμως,
2394 2826 2492 2874 ἤγουν
2535 2827 2568 2862 ε’ν

280 2881 350 2914 880
384 2886 451 2919 τοῖς
483 2893 547 2914 τοι
582 2880 713 2919 δικαίοις
743 2883 795 2930 χὼ
830 2883 950 2933 βραχὺς
982 2888 1055 2932 νικᾷ
1089 2883 1198 2932 μέγαν.
1237 2884 1323 2917 1187
1348 2883 1389 2918 τά
1460 2881 1607 2931 ἀφανείᾳ.

279 2949 348 2972 τοι
381 2937 488 2978 καλῶς
508 2940 515 2985 Ι
535 2938 677 2989 εὑρημὲν’
703 2940 783 2989 ἔργα
815 2945 862 2987 τῷ
896 2941 983 2989 λόγῳ
1019 2944 1177 2989 μηνύεται.
1224 2942 1282 2984 Aj.
1317 2943 1386 2976 2⁶8
1502 2942 1562 2986 83)
1585 2940 1627 2974 G.
1660 2942 1878 2975 normannus
1911 2945 2015 2976 verba
2047 2941 2112 2982 ζῶν
2143 2951 2249 2981 κακῶς
2288 2946 2567 2988 interpunctione

278 2994 314 3030 τό
338 3006 400 3031 τοι
424 2995 589 3044 διπλάζον,
626 2997 652 3034 ὦ
675 2998 785 3046 γύναι,
811 2997 918 3048 μεῖζον
951 3001 1057 3037 κακόν.
1106 3002 1174 3037 580
1197 2999 1299 3050 κάρτα
1322 3012 1384 3036 τοι
1454 3010 1475 3033 a
1491 2999 1612 3034 ceteris
1637 3001 1749 3034 verbis
1776 3000 1945 3035 distinxit.
1977 3001 2168 3046 Participio
2193 3003 2299 3047 igitur
2322 3014 2460 3036 sensum
2487 3015 2567 3037 oon—

276 3054 481 3101 φιλοίκτιστον
515 3057 604 3107 γυνή.
667 3059 736 3092 988
758 3062 823 3097 τοῖς
846 3058 976 3093 θανοῦσί
1008 3071 1070 3093 τοι
1089 3060 1095 3102 Ι
1116 3059 1238 3106 φιλοῦσι
1267 3058 1381 3097 πάντες
1452 3059 1619 3091 cessimm
1665 3059 1750 3098 „etsi
1774 3061 1898 3093 misere
1921 3061 2026 3093 vivit⁴⁴
2052 3061 2213 3094 tribuisse
2237 3060 2381 3093 videtur.

2228 3118 2291 3160 31»
