2882 3662
1285 80 1357 110 -1
1421 11 1612 182 315-

314 170 497 261 virtutis
524 210 728 281 ’ἀριστεία
762 211 855 276 ¹³³]
907 215 1006 266 vel
1023 213 1221 280 ἀριστεῖα
1244 212 1371 283 ¹⁸⁴)
1381 216 1471 264 di
1541 212 1685 277 ¹⁸⁶)
1700 204 1701 207 Ἴ
1755 214 1856 264 Nec
1892 213 2345 278 praetermittendum
2381 213 2580 277 denique

307 298 409 355 est
445 291 569 358 quod
593 291 854 360 Sophocles
876 310 1044 345 vocem
1062 286 1236 362 ἄριστα,
1252 295 1339 347 vel
1363 264 1496 359 ejus
1578 296 1687 347 ilem
1711 297 1758 344 in
1801 295 1963 344 eadem
2000 309 2168 344 versus
2193 294 2306 344 sede
2344 296 2579 359 positurus

305 373 415 436 fuit
452 391 588 440 quam
624 377 672 425 in
708 377 896 441 stropha
932 374 1034 428 vox
1068 377 1223 444 ἀρίστα
1256 376 1445 428 obtinet.

442 455 701 519 Vulgarem
733 457 824 506 loci
858 458 1137 508 emendandi
1170 461 1297 507 viam
1320 459 1461 509 deser
1528 426 1583 507 N
1586 459 1793 518 auckius,
1832 461 1907 522 qui
1943 474 1970 505 a
2006 459 2205 505 lectione
2240 457 2295 505 τὰ
2330 455 2423 511 διὸς
2456 471 2578 522 pro-

304 535 454 586 fectus
498 543 545 586 et
587 535 681 591 διὸς
726 554 789 587 ex
824 538 894 586 διὰ
937 547 1201 605 corruptum
1250 556 1358 590 esse
1395 540 1494 589 arbi
1508 548 1630 590 ratus
1680 542 1727 587 in
1776 538 2028 604 appendice
2065 539 2273 588 editionis
2312 538 2577 588 Schneide-

302 619 533 666 winianae
569 619 863 670 scribendum
899 623 1076 670 censuit
1121 621 1277 687 ἄριστα
1309 620 1388 669 τὰν
1431 620 1487 668 σὰ
1537 622 1588 669 δι’
1624 621 1873 684 εὖσὲβειαν.
1947 621 2094 678 Quam
2130 623 2445 682 conjecturam
2481 634 2576 667 non

301 697 480 762 probo,
531 702 743 764 quoniam
781 707 829 749 et
862 702 963 766 ipsa
999 701 1281 765 glossemate
1317 708 1500 767 superst
1519 709 1621 751 ucta
1659 709 1743 752 est.
1819 701 2071 750 Praeterea
2108 700 2385 750 vocabulum
2422 699 2577 766 ἄριστα

303 785 349 827 et
385 779 431 828 id
465 781 647 844 quidem
682 784 729 829 in
765 782 884 831 falsa
909 797 1076 832 versus
1113 782 1225 832 sede
1263 785 1429 832 retinet
1460 799 1495 831 n
1521 799 1548 831 c
1581 783 1906 843 difficultatem„
1948 797 2081 846 quam
2117 785 2164 830 in
2190 784 2397 855 genitivo
2433 779 2576 830 τῶνδε

303 861 457 910 inesse
494 860 939 924 demonstravimus
977 869 1202 912 removet.

440 921 574 1001 duod
611 944 650 992 si
686 950 814 992 recte
852 943 910 992 de
956 944 1223 1008 corruptela
1270 960 1439 994 versus
1474 935 1702 1024 judicasse
1754 944 1980 1000 videbor
2037 962 2063 992 a
2101 909 2333 1008 Sophocle
2370 947 2470 1008 ipso
2508 958 2573 990 ex

301 1021 488 1083 verbis„
526 1038 642 1086 quae
678 1026 723 1071 in
762 1024 922 1072 codice
958 1024 1266 1073 Laurentiano
1301 1032 1490 1087 extant
1524 1042 1555 1073 n
1602 1027 1633 1074 11
1668 1026 1929 1090 profectum
1966 1041 2070 1074 esse
2107 1025 2342 1089 apparebit
2381 1026 2499 1073 nisi:

995 1121 1022 1151 υ
1064 1133 1123 1140 -
1162 1105 1285 1170 ἀριστ
1325 1135 1383 1141 -
1424 1124 1451 1155 υ
1473 1026 1700 1171 25:5¹2qu-

299 1184 523 1246 Lacunas,
561 1201 674 1249 quas
710 1186 928 1247 indicavi,
961 1190 1228 1249 conjectura
1264 1189 1520 1253 complere
1536 1192 1621 1238 etsi
1656 1191 1767 1238 satis
1793 1189 2100 1252 periculosum
2138 1194 2225 1247 est„
2263 1189 2307 1233 in
2335 1202 2392 1233 ea
2417 1193 2570 1233 tamen

301 1269 529 1315 sententia
567 1282 666 1315 sum
682 1303 698 1327 .,
736 1274 784 1314 ut
821 1283 923 1315 cum
962 1269 1113 1332 aliqua
1148 1269 1470 1332 probabilitate
1506 1273 1678 1319 restitui
1715 1285 1854 1334 posse
1892 1284 2139 1317 censeam:

990 1350 1198 1414 κράτος
1230 1350 1269 1398 τ’
1307 1352 1538 1416 ἀριστεῖα
1570 1350 1607 1398 τ’
1643 1350 1859 1414 εὐσεβείᾳ.

299 1428 468 1475 Forma
504 1429 758 1476 verborum
795 1443 928 1492 quam
971 1433 1169 1478 maxime
1218 1434 1433 1493 congruit
1472 1447 1574 1479 cum
1610 1432 1761 1482 forma
1796 1431 2048 1479 verborum
2100 1444 2266 1477 versus
2315 1429 2533 1492 strophici
2562 1445 2573 1474 :

994 1512 1139 1577 σοφά
1171 1509 1209 1559 τ’
1246 1512 1452 1577 ἀρίστα
1486 1529 1545 1559 τε
1580 1521 1683 1566 παῖς
1718 1512 1973 1578 κεκλῆσθαι.

297 1590 585 1640 constructio
622 1606 765 1654 porro
802 1592 939 1655 plana
976 1599 1073 1651 est3
1122 1595 1356 1654 genitivus
1392 1595 1511 1642 enim
1548 1592 1688 1641 τῶνδε
1725 1593 1896 1656 pendet
1932 1592 1987 1640 ab
2025 1590 2256 1654 εὐσεβείᾳ,
2305 1598 2351 1638 ut
2389 1591 2575 1638 Electra

296 1670 493 1734 palmam
517 1678 654 1720 nacta
681 1687 787 1719 esse
813 1672 986 1722 dicatur
1010 1676 1199 1733 pietate,
1237 1684 1326 1734 qua
1351 1674 1533 1722 divinas
1557 1674 1690 1735 leges
1728 1669 1876 1733 (quae
1913 1673 2124 1721 homines
2160 1671 2318 1715 colere
2356 1676 2574 1732 parentes

289 1739 500 1812 jubent]'
520 1749 742 1797 coluerat.
812 1748 1099 1797 Vocabulum
1147 1752 1306 1814 κράτος
1350 1766 1445 1799 non
1488 1752 1636 1837 so'm
1686 1751 1792 1798 loco
1828 1751 2018 1810 Ajacis,
2074 1764 2209 1811 quem
2246 1751 2292 1795 in
2329 1748 2431 1796 adn.
2473 1748 2576 1796 133

263 1859 267 1862 -
299 1830 642 1894 adscripsimus„
670 1830 1031 1891 commendatur„
1069 1830 1153 1880 sed
1177 1834 1315 1879 etiam
1341 1831 1616 1881 scholiastae
1641 1833 1915 1880 recentioris
1947 1832 2215 1878 auctoritate
2241 1830 2577 1894 quodammodo

296 1914 466 1972 nititur„
505 1914 670 1976 quippe
697 1915 773 1975 qui
811 1928 868 1959 eo
905 1912 1137 1960 vocabulo
1170 1916 1217 1959 in
1241 1916 1619 1976 interpretatione
1656 1914 1734 1960 tali
1771 1913 1907 1960 modo
1945 1920 2094 1959 utatur
2108 1948 2124 1971 „
2161 1920 2209 1958 ut
2245 1913 2484 1976 probabile
2521 1916 2577 1960 sit

299 2008 421 2052 eum,
461 1996 534 2039 cui
559 1993 636 2040 illa
660 1995 975 2056 interpretatio
1002 1996 1228 2055 originem
1253 1993 1435 2053 debeat„
1473 1997 1619 2057 ipsum
1652 1994 1764 2041 illud
1799 1994 1955 2058 κράτος
1978 1996 2023 2039 in
2050 2000 2180 2039 textu
2204 1996 2441 2042 invenisse
2472 1992 2579 2056 ¹³⁸).

344 2198 424 2242 133)
459 2198 515 2240 Aj.
539 2200 607 2231 442
660 2199 689 2233 εἰ
712 2197 776 2238 ζῶν
798 2196 966 2247 Ἀχιλλεὺς
999 2207 1064 2234 τῶν
1098 2199 1208 2234 ὃπλων
1242 2207 1306 2234 τῶν
1353 2200 1398 2234 ὦν
1469 2200 1625 2242 profecta
1640 2203 1703 2238 est,
1731 2209 1835 2243 quam
1860 2200 1966 2232 schol.
1984 2199 2088 2233 Laut.
2112 2203 2353 2232 commemorat
2379 2200 2425 2232 ad
2441 2211 2473 2231 ν.
2494 2201 2583 2232 10⁹5

297 2254 673 2304 περὶΙιιρίνεινῖμελλεν
690 2254 861 2304 κράτος
893 2255 1139 2305 ἀριστείας
1161 2256 1233 2301 τινί,
1253 2257 1260 2300 Ι
1280 2255 1337 2292 οὐκ
1361 2256 1400 2291 ἄν
1465 2253 1516 2290 ’Ἡ
1539 2254 1663 2305 ἐριστὰ
1689 2256 1878 2306 ἀμφηρίστῳ
1902 2259 1942 2306 τῇ
1976 2255 2121 2304 εὐσεβείᾳ
2143 2255 2188 2307 τῇ
2208 2263 2264 2292 τοῦ
2289 2256 2382 2294 Διὸς·
2420 2255 2441 2305 ἦ
2477 2256 2582 2306 ἐριστὰ

295 2327 341 2354 τις
365 2309 431 2349 αὖτ’
456 2312 599 2362 ἔμαρψεν
623 2313 722 2354 ἄλλος
749 2310 811 2349 ἀντ’
835 2314 924 2361 ἐμοῦ.
1471 2312 1511 2363 τῇ
1546 2314 1714 2362 εὐσεβείᾳ,
1751 2312 1775 2364 ᾗ
1809 2314 1848 2349 ἄν
1871 2327 1917 2353 τις
1942 2313 2069 2363 ἐρίσειεν
2082 2342 2093 2358 ‚
2130 2315 2198 2351 ἀντὶ
2228 2322 2284 2351 τοῦ
2308 2315 2581 2364 περισκουδάστω.

345 2371 425 2418 134)
449 2370 505 2414 Aj.
529 2371 598 2408 483
655 2379 725 2412 πῶς
761 2385 800 2421 με
824 2371 974 2420 τλήσεται
1004 2370 1070 2409 ποτ’
1106 2372 1239 2415 εἰςιδεῖν,
1261 2374 1267 2417 Ι
1288 2374 1402 2424 γυμνὸν
1470 2373 1674 2408 Lectionem
1687 2376 1802 2408 tumen
1819 2374 1909 2407 hanc
1926 2385 2064 2408 sensum
2088 2378 2207 2417 aptum
2231 2386 2303 2409 non
2326 2376 2487 2409 exhibere
2507 2373 2580 2415 jam

295 2428 822 2480 φανίντατῶνάριστείων
845 2430 932 2500 ἄτερ,
952 2430 1228 2481 Ιῶναίντὸςέσχε
1252 2431 1405 2480 στεφανον
1474 2430 1515 2467 G.
1539 2431 1885 2467 Hermannusadv.
1911 2432 2000 2466 1086
2023 2432 2169 2466 monuit.

294 2486 439 2528 εὐκλείας
475 2487 596 2537 μέγανς
630 2489 721 2523 Phil.
760 2489 849 2523 142⁹
896 2487 1095 2540 α’ριστεῐ’
1127 2488 1270 2536 ἐκλαβὼν
1294 2502 1403 2581 σστραῖ-
1521 2490 1600 2537 136)
1626 2490 2098 2525 Soh01.rec.adv109o
2121 2501 2156 2535 p
2160 2491 2248 2580 b269
2283 2492 2388 2526 Dind.
2441 2491 2581 2542 peponi-

293 2547 457 2592 τεύματος.
521 2547 800 2587 cf.Aj.1429
840 2548 895 2580 τὰ
935 2556 1062 2595 πρῶτ
1174 2548 1278 2581 αλλ(
1471 2561 1527 2581 ναν
1551 2548 1673 2597 ἄριστα]
1713 2559 1829 2581 τουτων
1865 2547 2149 2596 α’ποφερομένηντ
2213 2549 2327 2597 aptit
2339 2560 2407 2591 ος,
2445 2550 2583 2583 ‘tv-nim

294 2602 476 2652 ἀριστεύσας
499 2610 643 2653 στρατοῦ.
1470 2605 1505 2641 τὸ
1529 2605 1582 2640 ἐπὶ
1603 2605 1723 2644 τούτοις
1744 2605 1865 2651 κράτος

343 2660 424 2706 185)
448 2661 526 2696 Hoc
556 2662 753 2697 observasse
783 2662 813 2696 is
844 2662 986 2704 videtur,
1023 2674 1045 2697 a
1068 2674 1136 2708 quo
1161 2663 1262 2698 lectio
1297 2661 1403 2711 ἐριστὰ

1160 2850 1719 2886 *fama—›-
