2882 3662
1285 92 1621 141 ...14—

303 232 472 281 Omitto
496 236 636 296 igitur
671 233 737 294 δὲ,
775 235 896 298 quod
934 241 1038 298 post
1072 233 1127 279 τὰ
1164 234 1352 295 legitur„
1393 240 1438 280 et
1476 235 1634 279 insero
1673 230 1829 291 εἶτα,
1873 248 1991 296 quae
2029 247 2128 281 vox
2165 239 2355 297 propter
2391 239 2588 280 antece-

301 314 485 360 dentem
523 316 778 363 clausulam
813 315 949 362 verbi
986 323 1126 362 νοσεῖ
1163 322 1209 361 et
1244 317 1393 379 ipsum
1431 313 1541 360 illud
1578 327 1779 377 sequens
1812 312 1880 358 τὰ
1916 313 2134 361 facillime
2173 314 2394 361 excidere
2430 316 2586 378 potuit.

303 394 406 452 Quo
444 395 567 443 facto
605 394 653 441 δὲ
692 397 832 456 illud,
889 396 1009 459 quod
1048 398 1312 455 omisimus„
1351 398 1398 442 in
1435 400 1610 442 textum
1648 396 1892 457 irrepsisse
1929 393 2131 454 videtur,
2168 400 2215 442 ut
2250 390 2330 457 μὲν
2360 395 2583 457 particula

299 474 511 535 haberet„
549 490 640 539 quo
678 475 949 524 referretur.
1010 475 1166 523 Lectio
1204 478 1322 539 ipsa.>
1361 489 1496 539 quam
1522 477 1861 538 proposuimuS‚
1895 480 1942 522 et
1970 489 1996 521 a
2021 478 2240 524 metricae
2277 481 2324 523 et
2359 489 2385 522 a
2422 490 2588 536 gram-

298 557 491 603 maticae
529 558 709 606 ratione
735 558 845 607 satis
870 562 962 605 tuta
1006 561 1088 607 est.
1152 555 1311 606 Hiatus
1349 558 1488 616 enim„
1527 556 1604 620 qui
1640 557 1759 605 inter
1794 562 1913 605 νοσεῖ
1937 560 1984 605 et
2008 551 2102 604 εἶτα
2130 556 2303 617 existit,
2340 556 2386 604 in
2422 562 2588 619 syste—

297 642 416 684 mate
454 637 731 700 glyconico„
787 640 873 687 etsi
919 651 1028 685 raro
1079 637 1389 686 tantummodo
1427 637 1701 696 admittitur,
1758 637 2056 686 offensionem
2093 650 2185 684 non
2220 636 2357 685 hahet
2376 635 2461 697 ⁴⁰).
2534 636 2586 684 ln

295 718 569 779 paratactica
607 724 758 767 autem
798 717 991 767 duorum
1028 717 1338 767 membrorum
1389 719 1727 766 constructione
1766 734 1850 777 ea,
1889 717 1946 765 de
1984 733 2068 781 qua
2096 733 2232 781 supra
2273 716 2586 779 disseruimus,

294 812 384 843 non
422 799 570 844 solum
606 797 655 843 δὲ
694 800 912 862 particula
950 801 1136 845 alterius
1175 799 1365 844 membri
1389 801 1572 863 propria
1610 806 1698 857 est,
1737 798 1818 844 sed
1841 801 2131 844 inveniuntur
2166 801 2300 844 etiam
2337 800 2585 863 particulae

292 878 412 923 ἀλλά
429 877 499 939 ¹²¹)
538 888 584 925 et
619 882 729 945 ἀτάρ
748 879 836 941 ⁸²),
876 897 1065 945 quarum
1098 883 1313 944 exempla
1339 882 1454 927 infra
1480 884 1726 944 posuimus.
1776 881 2045 927 Particulam
2071 894 2251 944 quoque
2289 879 2382 927 εἶτα
2423 881 2585 928 eadem

291 963 339 1006 vi
377 964 483 1024 poni
520 965 722 1026 potuisse
773 964 852 1009 vel
900 965 997 1009 sine
1036 963 1264 1027 exemplis
1315 962 1654 1010 concedendum
1700 964 1797 1009 erit.
1869 962 2005 1025 Atqui
2043 967 2169 1010 extat
2203 975 2372 1011 revera
2407 963 2452 1009 in
2488 963 2585 1025 ipsa

288 1041 505 1089 Electrae
532 1043 683 1089 fabula
708 1058 900 1107 prorsus
926 1044 1073 1091 simile
1099 1044 1390 1107 exemplum,
1428 1045 1511 1091 nisi
1538 1043 1659 1107 quod
1684 1057 1775 1090 non
1799 1042 1904 1110 ἤδη,
1942 1042 2024 1090 sed
2046 1051 2201 1109 πρῶτα
2225 1042 2474 1091 antecedit:

640 1141 811 1189 Electr.
851 1142 945 1190 261
1041 1138 1073 1207 ᾖ
1107 1150 1308 1207 πρῶτα
1345 1142 1442 1206 μὲν
1478 1141 1535 1189 τὰ
1561 1142 1750 1207 μητρὸς,
1788 1144 1819 1208 ἦ
1845 1140 1886 1206 μ’
1915 1141 2137 1206 ἐγείνατο,

1061 1224 1246 1290 ἔχθιστα
1275 1223 1550 1289 συμβέβηκεν
1573 1241 1582 1250 ·
1619 1221 1743 1270 εἶτα
1775 1223 1966 1287 δώμασιν

1055 1305 1101 1353 ἐν
1126 1314 1218 1357 τοῖς
1243 1306 1445 1370 ἐμαυτῆς
1468 1313 1560 1356 τοῖς
1584 1313 1762 1369 φονεῦσι
1784 1312 1864 1352 τοῦ
1886 1301 2053 1369 πατρός

1056 1387 1251 1451 ξύνειμι,
1290 1387 1375 1432 κάκ
1397 1385 1526 1433 τῶνδ’
1555 1386 1775 1452 ἄρχομαι,
1805 1386 1886 1432 κάκ
1908 1384 2051 1433 τῶνδέ
2076 1403 2146 1449 μοι

1053 1469 1205 1530 λαβεῖν
1231 1468 1276 1513 θ’
1305 1469 1466 1530 ὁμοίως
1488 1467 1558 1512 καὶ
1582 1466 1632 1512 τὸ
1657 1468 1875 1531 τητᾶσθαι
1897 1468 2038 1513 πέλει.

285 1562 539 1609 Praeterea
571 1566 770 1611 conferri
799 1575 951 1630 potest
987 1583 1096 1614 usus
1134 1568 1383 1630 particulae
1410 1565 1503 1611 εἶτα
1539 1573 1643 1630 post
1679 1569 1910 1630 participia
1946 1569 2124 1630 positae
2162 1567 2580 1630 frequentissimus;

285 1643 476 1691 dubitari
515 1648 634 1693 enim
672 1662 762 1694 non
799 1655 980 1710 potest„
1020 1651 1125 1710 quin
1164 1648 1420 1710 Sophocles
1457 1663 1541 1709 pro
1580 1663 1669 1706 eo,
1709 1647 1829 1711 quod
1867 1648 1980 1694 dixit
2017 1648 2231 1694 Electrae
2269 1663 2315 1694 v.
2358 1648 2521 1694 1007:

842 1745 895 1792 οό
920 1744 1003 1810 γὰρ
1027 1746 1182 1792 θανεῖν
1210 1745 1415 1809 ἔχθιστον
1431 1779 1445 1802 ‚
1482 1746 1583 1789 ἀλλ’
1612 1746 1717 1791 ὅταν
1743 1748 1898 1791 θανεῖν

841 1826 1020 1892 χρῄζων
1045 1834 1111 1880 τις
1135 1824 1227 1873 εἶτα
1252 1823 1363 1890 μηδὲ
1388 1824 1505 1872 τοῦτ’
1533 1827 1619 1890 ἔχῃ
1646 1825 1826 1887 λαβεῖν,

281 1922 437 1970 dicere
475 1928 673 1987 potuerit
698 1942 708 1970 ε
748 1923 851 1970 ὅταν
876 1925 1031 1971 θανεῖν
1070 1925 1167 1988 μὲν
1205 1925 1351 1988 χρῄζῃ
1376 1940 1469 1981 τις,
1510 1923 1630 1970 εἶτα
1655 1921 1767 1988 μηδὲ
1793 1925 1911 1972 τοῦτ’
1939 1926 2025 1989 ἔχῃ
2050 1926 2219 1987 λαβεῖν.

422 2021 602 2069 Transit
639 2022 806 2069 chorus
844 2021 899 2067 ud
938 2021 1283 2069 describendam
1321 2022 1625 2069 conditionem
1663 2023 1881 2069 Electrae
1918 2022 2112 2069 verbis:

1115 2118 1326 2185 πρόδοτος
1351 2119 1398 2165 δὲ
1426 2121 1537 2185 μόνα
1563 2120 1744 2166 σαλεύει

1038 2200 1259 2266 Ἠλέκτρα
1282 2201 1357 2247 τὸν
1383 2201 1454 2247 ἀεὶ
1476 2201 1644 2267 πατρός

1047 2281 1218 2335 δειλαία
1243 2281 1497 2348 στενάχουέ
1514 2318 1529 2342 ‚
1566 2279 1688 2336 ὅπως

1042 2365 1071 2410 ἀ
1094 2363 1339 2429 πάνδυρτος
1366 2363 1526 2430 ἀηδών.

279 2462 330 2509 ln
356 2463 517 2527 quihus
542 2477 731 2512 versum
759 2462 980 2528 Ἠλέκτρα
1002 2462 1080 2511 τὸν
1105 2463 1176 2511 ἀεὶ
1199 2463 1364 2529 πατρός
1389 2471 1651 2528 corruptum
1678 2479 1783 2512 esse
1810 2479 1946 2528 supra
1973 2465 2041 2528 (p.
2065 2464 2123 2524 5)
2153 2462 2373 2523 vidimus;
2410 2465 2570 2528 requi-

277 2547 390 2590 ritur
416 2548 535 2591 enim
561 2546 820 2608 glyconeus
847 2561 949 2592 cum
976 2548 1196 2593 anacrusi.
1242 2547 1315 2592 Ac
1344 2545 1555 2608 profecto
1582 2553 1844 2608 corruptum
1870 2560 1974 2592 eum
1994 2560 2100 2592 esse
2120 2547 2254 2592 etiam
2275 2547 2342 2593 eis
2362 2552 2571 2593 statuen-

277 2625 383 2672 dum
422 2632 548 2686 erat„
588 2628 662 2689 qui
700 2633 893 2674 metrum
919 2642 1087 2675 versus
1113 2627 1329 2690 strophici
1356 2629 1502 2675 minus
1531 2634 1662 2673 caute
1689 2632 1946 2685 mutarunt3
1985 2629 2259 2674 constructio
2297 2628 2414 2673 enim
2450 2641 2570 2674 ver-

319 2843 379 2889 40)
394 2843 447 2878 cf.
469 2844 579 2888 Soph.
597 2844 681 2878 Oed.
694 2843 768 2878 Col.
784 2844 874 2877 1215
892 2844 963 2879 ἐπεὶ
980 2843 1088 2879 πολλὰ
1104 2844 1161 2892 μὲν
1177 2843 1209 2878 αἱ
1223 2844 1342 2893 μακραὶ
1362 2845 1369 2890 Ι
1462 2842 1653 2893 εὐδαίμονας
1674 2845 1680 2889 Ι
1701 2844 1804 2893 ἔργοις
1816 2841 1962 2893 Ἀθήνας
1974 2843 2109 2884 ἀνοσίοις
2121 2842 2301 2892 ὑπηρετῶν,
2322 2844 2328 2889 Ι
2349 2841 2445 2887 ἀλλ’,
2462 2842 2568 2893 ὥςπερ

273 2901 391 2952 &pipat
428 2901 601 2937 ιατέθεντο
627 2900 667 2949 δή
702 2906 737 2936 et
758 2902 960 2943 Rossbach,
980 2901 1212 2951 griechische
1245 2901 1390 2938 Metrik
1462 2901 1576 2946 ἔλαβες
1599 2903 1653 2937 τὸν
1677 2901 1783 2947 ἱκέτην
1809 2901 1973 2952 ἐχέγγυον,
1993 2902 1999 2948 Ι
2021 2900 2097 2953 ῥόου
2121 2914 2160 2949 με
2182 2900 2394 2950 κάκφόλαεσε.

269 2971 310 3006 p.
337 2961 423 2995 504
449 2972 505 3007 sq.
529 2962 613 2995 533
635 2972 691 3007 sq.
1507 2961 1565 3005 42)
1592 2962 1698 3004 Soph.
1726 2961 1850 2995 Trach.
1873 2962 1917 2994 54
1947 2969 2019 2999 πῶς
2042 2960 2131 2995 παισὶ
2155 2961 2212 3007 μὲν
2235 2960 2375 2999 τοσοῖςὸε
2399 2959 2565 3008 πληθύεις,

318 3017 378 3064 41)
403 3018 509 3062 Soph.
537 3018 623 3053 Oed.
649 3017 725 3053 col.
748 3018 817 3052 282
855 3017 912 3058 Εὺν
945 3018 995 3058 οἷς
1029 3017 1067 3053 σὺ
1092 3017 1138 3067 μὴ
1163 3017 1306 3055 κάλυπτε
1331 3019 1389 3059 τὰς
1463 3018 1544 3068 ἀτὰρ
1565 3019 1572 3064 Ι
1593 3017 1707 3068 ἀνδρὸς
1728 3019 1813 3055 κατὰ
1837 3017 1965 3067 ζήτησιν
1990 3018 2027 3054 οὑ
2051 3018 2189 3067 πέμπεις
2205 3018 2300 3057 τινάς.
