2882 3662
1259 147 1558 195 „8-

260 286 383 330 inter
409 287 549 332 vivos
575 287 824 331 etiamtunc
848 287 1034 332 versari
1066 284 1151 346 ¹⁶),
1189 301 1343 350 neque
1380 287 1519 333 ullam
1551 289 1748 348 cogitari
1772 300 1911 351 posse
1937 301 2142 348 cansam,
2180 302 2264 334 cur
2289 286 2549 351 Sophocles

259 366 349 413 hac
387 369 433 413 in
472 381 525 413 re
557 366 837 413 Homericae
875 368 1154 415 narrationis
1190 368 1391 430 vestigia
1429 368 1684 416 desereret.
1746 368 2006 417 Scholiasta
2039 375 2190 416 autem
2214 368 2549 417 Laurentianus

261 449 496 511 optionem
534 447 640 507 dat„
679 453 727 494 ut
762 453 839 493 aut
862 447 1268 509 Agamemnonem
1305 456 1384 496 aut
1407 448 1621 498 Orestem
1657 449 1969 512 intelligamus
2001 448 2081 511 ¹⁶).
2141 450 2284 513 Atqui
2314 448 2547 511 Orestem,

259 531 336 591 qui
372 544 418 576 v.
459 528 559 576 182
595 535 699 580 παῖς
718 527 1098 592 Ἀγαμεμνονίδας
1121 536 1346 589 vocatur„
1396 530 1505 577 licet
1541 545 1646 577 eum
1681 530 1887 578 Atridam
1923 533 2151 578 nominari
2186 532 2389 594 potuisse
2426 544 2548 578 con·-

259 610 499 669 cedamus,
536 609 626 656 hoc
662 609 768 656 loco
808 625 834 656 a
872 617 1010 672 poeta
1048 611 1175 657 nullo
1209 617 1346 672 pacto
1384 610 1637 671 significari
1660 613 1884 675 potuisse,
1921 626 1984 659 ex
2019 611 2547 673 verbis'antistrophae„

258 698 307 738 ut
344 690 617 738 Wunderus
654 696 782 738 recte
820 692 1020 750 monuit„
1060 691 1421 740 luculentissime
1459 699 1665 754 apparet.
1729 693 1781 740 In
1819 692 1982 741 verbis
2017 694 2139 740 enim
2170 689 2237 739 ὅτι
2265 720 2324 727 -
2359 690 2416 738 τὰ
2437 689 2549 756 πρὸς

255 771 422 819 τέκνων
442 770 574 835 διπλῆ
600 771 794 835 φύλοπις
812 771 890 818 οὐκ
911 770 973 818 ἔτ’
995 771 1214 824 ἐξισοῦται
1236 772 1478 835 φιλοτασίῳ
1500 771 1642 834 διαίτᾳ
1666 775 1766 821 sine
1788 773 1925 820 dubio
1945 772 2078 820 τέκνα
2096 780 2201 820 sunt
2218 774 2547 833 Agamemno-

256 855 347 913 nis„
374 868 467 900 non
496 852 689 900 Orestis.
751 853 827 899 Ac
851 852 1063 915 profecto
1089 853 1209 900 idem
1242 860 1562 914 argumentum
1590 854 1641 901 G.
1669 854 1924 901 Hermanni
1949 869 2129 917 quoque
2167 861 2213 901 et
2240 853 2294 902 G.
2322 853 2546 902 Dindorfii

256 936 626 997 interpretationi
652 933 819 991 obstat„
859 936 934 996 qui
958 934 1358 993 Agamemnonem
1382 941 1424 979 et
1450 934 1662 982 Orestem
1687 935 1965 995 intelligunt.
2011 935 2222 993 Accedit„
2249 935 2369 996 quod
2390 935 2546 981 vehe-

254 1021 435 1062 menter
473 1013 768 1061 duhitandum
806 1021 904 1073 est„
956 1030 1063 1061 num
1102 1014 1324 1077 Sophocli
1360 1030 1444 1077 per
1498 1016 1729 1063 sermonis
1764 1017 1925 1076 graeci
1971 1030 2100 1063 usum
2138 1015 2320 1062 licuerit
2365 1021 2544 1077 patrem

253 1101 300 1142 et
337 1094 478 1142 filium
525 1096 712 1141 nomine
761 1096 1086 1159 patronymico
1125 1095 1393 1143 Atridarum
1439 1096 1699 1159 complecti
1766 1094 1878 1152 Quis
1916 1098 2037 1143 enim
2074 1110 2272 1159 unquam
2310 1095 2544 1142 Achillem

255 1181 301 1222 et
336 1175 691 1258 Neoptolemum
728 1167 942 1236 Pelides,
999 1175 1187 1224 Ulixem
1236 1183 1282 1224 et
1319 1176 1644 1224 Telemachum
1680 1175 1946 1224 Laertiadas
1996 1175 2287 1240 appellavit?
2349 1175 2545 1224 Prorsus

253 1264 376 1310 enim
413 1255 508 1310 alia
551 1268 623 1310 est
668 1276 774 1319 res„
836 1260 874 1306 si
922 1264 1017 1305 tota
1061 1260 1198 1320 stirps
1246 1258 1470 1320 quaedam
1520 1259 1706 1305 nomine
1753 1259 2077 1320 patronymico
2116 1257 2540 1320 comprehenditur„

252 1346 381 1405 cujus
419 1360 528 1392 usus
554 1341 771 1405 exempla
800 1339 1061 1404 Sophocles
1098 1341 1144 1386 in
1179 1341 1323 1403 stirpe
1349 1339 1710 1386 Labdacidarum
1741 1337 1837 1399 ι“’),
1875 1338 2199 1403 Pelopidarum
2230 1336 2317 1399 18),
2357 1338 2544 1386 Erech-

251 1425 479 1473 thidarum
513 1424 598 1484 Ν),
639 1422 993 1486 Sisyphidarum
1021 1419 1122 1480 ²⁰).,
1160 1422 1365 1483 ipsorum
1404 1420 1601 1483 denique
1639 1420 1909 1467 Atridarum
1938 1418 2008 1479 2¹)
2046 1420 2318 1483 suppeditat.
2379 1421 2545 1483 Repu-

251 1508 385 1554 diatis
416 1509 556 1568 igitur
593 1506 719 1553 hisce
745 1502 1203 1566 interpretationibus
1235 1504 1439 1564 priorem
1465 1501 1743 1549 scholiastae
1769 1501 2130 1564 explicationem
2167 1502 2370 1564 amplexi
2396 1501 2544 1548 solum

247 1589 649 1650 Agamemnonem
687 1585 1029 1645 intelligemus„
1069 1599 1156 1645 qua
1194 1585 1241 1629 in
1279 1598 1331 1629 re
1369 1589 1414 1629 et
1450 1583 1719 1629 Triclinium
1747 1580 1818 1642 22)
1858 1589 1904 1630 et
1940 1598 2004 1629 ex
2041 1584 2354 1630 recentiorum
2390 1584 2545 1629 inter-

247 1675 429 1731 pretum
454 1683 647 1715 numero
673 1666 984 1723 Wunderum„
1012 1663 1441 1722 Schneidewinum‚
1467 1663 1723 1711 Nauckium
1749 1664 2066 1711 adsentientes
2092 1663 2325 1711 hahemus.
2381 1663 2544 1724 Neque

249 1751 372 1796 enim
409 1748 602 1807 pluralis
639 1760 860 1795 numerus
898 1745 956 1792 de
993 1744 1097 1792 solo
1121 1744 1473 1804 Agamemnone
1499 1749 1745 1807 usurpatus
1770 1743 2076 1792 offensionem
2102 1743 2254 1791 habet.
2302 1743 2422 1791 Nam
2459 1744 2545 1791 etsi

247 1825 357 1872 inde
383 1825 490 1870 huic
515 1823 683 1886 plurali
709 1821 931 1868 auxilium
963 1834 1056 1867 non
1082 1820 1346 1883 petiverimq
1386 1819 1508 1881 quod
1533 1819 1898 1879 Agamemnonis
1936 1834 2106 1882 corpus
2130 1822 2177 1866 in
2203 1822 2302 1883 ipsa
2324 1821 2544 1868 Electrae

247 1906 406 1954 fabula
444 1920 535 1952 non
576 1913 702 1968 σῶμα
727 1903 810 1951 sed
835 1902 1017 1965 σώματα
1042 1900 1302 1964 appellatur
1326 1898 1415 1960 23),
1454 1901 1643 1962 propius
1678 1906 1832 1947 tamen
1872 1900 1929 1947 ad
1955 1900 2065 1960 loci„
2104 1916 2240 1963 quem
2277 1908 2543 1961 tractamus„

249 1990 477 2036 rationem
517 1986 696 2033 accedit
734 1984 853 2032 alter
899 1983 1058 2043 locus.²
1115 1982 1190 2029 uhi
1228 1982 1633 2043 Agamemnonem
1683 1981 1914 2028 dominum
1960 1988 2098 2045 poeta
2147 1982 2315 2045 plurali
2352 1998 2543 2030 numero

247 2068 465 2122 δεσπότας
502 2067 782 2130 significavit
808 2063 889 2125 ²⁴).
964 2064 1014 2111 In
1055 2065 1240 2110 nomine
1280 2068 1430 2109 autem
1467 2065 1789 2126 patronymico
1828 2077 2045 2111 numerus
2082 2063 2273 2126 pluralis
2312 2064 2368 2111 ad
2406 2079 2543 2110 unum

1478 2246 1536 2290 21)
1563 2246 1669 2290 Soph.
1696 2247 1750 2279 El.
1778 2248 1844 2279 851
1871 2244 1988 2292 δόμους
2008 2244 2182 2295 Ἀτρειδῶν
2214 2252 2359 2295 σκῆπτρα
2385 2244 2408 2280 τ’
2435 2246 2544 2294 ἀμφέ-

294 2252 350 2297 15)
375 2253 479 2284 Hom.
506 2251 571 2283 od.
596 2263 635 2298 γ,
661 2250 740 2282 311.
775 2247 812 2290 δ,
839 2249 917 2281 546.

1431 2315 1502 2338 πειν
1532 2301 1619 2338 τάδι.
1667 2303 1748 2337 Eur.
1778 2304 1856 2347 Iph.
1892 2303 1996 2337 Taur.
2031 2305 2094 2336 141
2128 2301 2237 2352 σπέρμ’
2269 2301 2436 2353 Ἀτριιδᾱν
2478 2311 2544 2338 τῶν

295 2310 350 2354 16)
377 2309 493 2344 Schol.
518 2307 624 2341 Laur.
650 2307 695 2340 ad
726 2318 758 2341 v,
786 2306 876 2339 1068
900 2309 968 2343 τοῖς
999 2301 1101 2353 ἱναρθ’
1121 2301 1311 2354 Ἀτρείδαις]
1335 2303 1361 2352 ἦ

241 2365 472 2416 Ἀγαμέμνονα
495 2365 516 2409 ἣ
538 2363 692 2415 Ὀρέστην
706 2390 713 2397 .
739 2363 864 2398 δοκοῦσι
885 2363 949 2413 γὰρ
973 2362 1069 2398 αὐτὸν
1092 2363 1288 2412 τεθνηκέναι.

293 2426 349 2469 17)
376 2426 484 2469 Soph.
509 2426 626 2468 Antig.
647 2424 716 2457 859
740 2428 796 2457 τοῦ
814 2435 848 2456 τε
872 2421 1057 2470 πρόπαντος
1077 2422 1083 2467 Ι
1105 2421 1261 2470 ἁμετέρου
1279 2421 1361 2455 πὸτ-

244 2495 305 2530 μου
326 2483 332 2528 Ι
352 2481 488 2522 κλιινοῖς
503 2479 763 2526 Λαβδακίδαισιν.
796 2480 842 2513 ib.
861 2479 929 2513 693
954 2477 1079 2529 α’ρχαῖα
1096 2478 1137 2514 τὰ
1153 2477 1361 2524 Λαβδακιδᾶν

242 2539 339 2576 οἴων
363 2540 489 2591 ὁρῶμαι
509 2545 514 2585 Ι
535 2539 675 2587 πήματα
699 2537 823 2586 φθιτῶν
848 2537 900 2572 ἐπὶ
923 2536 1049 2586 πήμασι
1068 2534 1221 2572 πίπτοντ’.
1271 2538 1357 2571 Oed.

243 2600 318 2634 col.
348 2601 415 2631 222
440 2599 477 2633 τό
501 2611 535 2633 τε
559 2596 768 2642 Λαβδακιδᾶν
797 2597 897 2645 γένος.

291 2658 348 2703 18)
375 2658 483 2702 Soph.
503 2657 557 2690 El.
584 2657 628 2690 10
652 2652 859 2704 πολύφθορὸν
885 2667 921 2691 τε
945 2653 1040 2704 δῶμα
1060 2652 1250 2690 Πελοπιδῶν
1273 2652 1357 2689 τόδε.

241 2717 288 2750 ib.
315 2717 406 2749 1498
430 2716 472 2750 τά
495 2713 518 2749 τ’
545 2714 622 2749 ὄντα
646 2714 698 2748 καὶ
724 2714 883 2761 μέλλοντα
907 2712 1097 2748 Πελοπιδῶν
1114 2712 1207 2746 κακά.

291 2775 347 2819 19)
373 2776 454 2808 Huc
479 2775 646 2817 pertinet,
678 2774 772 2817 quod
798 2773 1003 2816 Cleopatra,
1037 2772 1152 2815 neptis
1177 2772 1360 2804 Erechthei

243 2833 339 2877 apud
372 2833 480 2876 Soph.
507 2832 624 2876 Antig.
658 2831 724 2864 981
758 2830 887 2879 σπέρμα
908 2827 1121 2879 Ἐρεχθιιδαν
1153 2829 1361 2862 nominatur.

242 2890 296 2925 cf.
320 2890 377 2932 Aj.
412 2890 478 2924 201
512 2888 587 2928 ναὸς
618 2887 737 2938 ἀρωγοί
768 2894 826 2938 τῆς
850 2886 990 2928 Αἴαντος
1029 2888 1034 2932 Ι
1077 2893 1188 2936 γενεᾶς
1219 2884 1360 2934 χθονίων

242 2945 295 2983 ἀπ’
320 2945 542 2998 Ἐρ.εχθιιδᾱν

1431 2361 1573 2396 κλεινῶν.
1600 2363 1711 2396 Oreat.
1737 2362 1826 2396 1537
1853 2360 1891 2396 ίὼ
1916 2361 1955 2396 ίώ
1971 2361 2080 2410 τύχαΙ
2102 2361 2208 2411 ἕτερον
2233 2362 2277 2400 εἰς
2301 2358 2410 2409 ἀγῶν’,
2436 2359 2543 2411 ἕτερον

1433 2418 1474 2454 αὖ
1499 2419 1596 2466 δόμος
1616 2420 1623 2464 Ι
1644 2417 1779 2468 φοβερὸν
1805 2418 1886 2466 ἀμφὶ
1910 2419 1983 2458 τοὺς
2004 2417 2171 2467 ’Λτριίδας
2195 2419 2307 2454 πίτνει.

1476 2477 1535 2524 22)
1560 2478 1604 2512 ad
1627 2489 1659 2512 v,
1687 2476 1775 2512 106⁷
1802 2488 1836 2522 p.
1861 2476 1930 2511 37⁶
1949 2478 2055 2511 Dind.
2081 2475 2209 2516 εἰκότως
2225 2473 2297 2511 εἷπε
2318 2477 2355 2512 τὸ
2377 2475 2542 2525 καταβόη-

1430 2547 1502 2579 σον,
1538 2535 1650 2585 ἐπειδὴ
1684 2535 1737 2570 ἐπὶ
1760 2535 1937 2586 κατηγορίᾳ
1961 2534 2117 2584 Αἰγίσθου
2141 2534 2194 2569 καὶ
2218 2533 2499 2584 Κλυταιμνήστρας
2522 2533 2540 2568 ὸ

1429 2596 1520 2642 παρὰ
1549 2602 1606 2642 τῆς
1640 2596 1751 2644 φήμης
1794 2596 1874 2645 πρὸς
1903 2592 2192 2643 ’Λγαμέμνονα
2227 2594 2321 2642 λόγος
2352 2592 2545 2641 γενήσεσθαι

1430 2651 1573 2700 ἔμελλεν.

1476 2712 1535 2757 23)
1560 2713 1614 2745 El.
1640 2713 1729 2745 1232
1763 2711 1801 2746 ab
1826 2711 1927 2759 γοναὶ,
1949 2712 1954 2755 Ι
1975 2710 2065 2760 γοναὶ
2089 2710 2245 2757 σωμάτων
2268 2710 2338 2759 ἐμοὶ
2370 2709 2539 2757 φιλτάτων.

1430 2771 1784 2805 Animadvertendum
1801 2775 1915 2803 tamen
1931 2775 1993 2811 est,
2010 2770 2114 2812 hujus
2137 2770 2206 2803 loci
2222 2770 2539 2813 interpretationem

1432 2832 1465 2861 et
1489 2828 1600 2872 ipsam
1625 2839 1698 2862 non
1722 2829 1805 2862 satia
1831 2831 1958 2862 certam
1982 2839 2068 2862 ease.

1476 2885 1535 2931 24)
1560 2886 1614 2920 El.
1635 2886 1704 2920 764
1728 2891 1789 2933 φοῦ
1806 2891 1876 2933 φοῦ.
1900 2885 1937 2920 τὸ
1958 2892 2024 2920 παν
2049 2883 2091 2934 δὴ
2108 2883 2287 2920 δεσπόταισι
2303 2889 2370 2923 τοῖς
2387 2882 2491 2919 πάλαι
2512 2885 2519 2929 Ι

1429 2940 1613 2993 πρόρριζον,
1639 2944 1684 2983 ὡς
1709 2944 1819 2987 Eoum,
1846 2942 2002 2993 ἔφθαρται
2025 2943 2124 2993 γένος.
2152 2944 2257 2987 Quo
2245 2955 2283 2977 1n
2310 2944 2391 2976 loco
2416 2942 2537 2977 eodem

287 3008 347 3075 20)
372 3007 494 3042 Ulixes
520 3006 737 3052 significatur
760 3006 856 3050 apud
880 3006 990 3049 Soph.
1015 3004 1073 3046 Aj.
1099 3005 1166 3038 190
1198 3005 1311 3037 verbis
1336 3002 1356 3050 ἡ
1424 3002 1504 3043 jure
1522 3003 1732 3047 Sophoclem
1757 3003 1872 3037 dicere
1891 3003 2068 3047 potuisse.
2092 3000 2282 3051 Α’τριίδαισι
2304 3002 2341 3036 τὸ
2365 3007 2431 3035 παν
2447 3001 2537 3075 γένος

239 3072 297 3104 τας
322 3064 447 3100 ἀσώτου
473 3062 643 3111 Σισυφιδαν
668 3070 789 3111 γενεᾶς.

1427 3058 1598 3111 πρόρριζον
1623 3059 1793 3110 ἔφθαρται,
1817 3062 1936 3106 negari
1956 3072 2028 3095 non
2053 3061 2190 3105 poterit.
